Date,Last,Volume
2021-10-03 18:00:00,2239.9,6
2021-10-03 18:00:00,2239.8,2
2021-10-03 18:00:00,2240.0,7
2021-10-03 18:00:00,2239.9,2
2021-10-03 18:00:00,2239.0,2
2021-10-03 18:00:00,2238.8,1
2021-10-03 18:00:00,2240.0,1
2021-10-03 18:00:00,2238.7,6
2021-10-03 18:00:00,2238.6,2
2021-10-03 18:00:01,2238.4,1
2021-10-03 18:00:01,2238.3,1
2021-10-03 18:00:01,2238.2,1
2021-10-03 18:00:01,2238.1,1
2021-10-03 18:00:01,2238.0,3
2021-10-03 18:00:01,2237.8,1
2021-10-03 18:00:01,2237.9,1
2021-10-03 18:00:02,2238.9,1
2021-10-03 18:00:02,2239.0,2
2021-10-03 18:00:03,2237.9,1
2021-10-03 18:00:06,2237.7,1
2021-10-03 18:00:07,2237.7,1
2021-10-03 18:00:07,2238.7,2
2021-10-03 18:00:07,2238.8,1
2021-10-03 18:00:08,2239.0,1
2021-10-03 18:00:08,2239.1,1
2021-10-03 18:00:08,2239.2,1
2021-10-03 18:00:10,2239.4,2
2021-10-03 18:00:10,2238.7,1
2021-10-03 18:00:10,2238.6,9
2021-10-03 18:00:10,2238.8,1
2021-10-03 18:00:12,2239.8,1
2021-10-03 18:00:14,2239.9,2
2021-10-03 18:00:14,2240.0,3
2021-10-03 18:00:15,2240.3,1
2021-10-03 18:00:16,2240.3,6
2021-10-03 18:00:16,2240.6,2
2021-10-03 18:00:16,2240.4,1
2021-10-03 18:00:17,2240.9,1
2021-10-03 18:00:17,2241.0,1
2021-10-03 18:00:17,2241.2,1
2021-10-03 18:00:17,2240.8,1
2021-10-03 18:00:17,2241.0,2
2021-10-03 18:00:17,2241.1,1
2021-10-03 18:00:18,2241.5,5
2021-10-03 18:00:18,2241.6,1
2021-10-03 18:00:18,2241.9,1
2021-10-03 18:00:18,2242.0,2
2021-10-03 18:00:18,2242.2,3
2021-10-03 18:00:18,2242.3,1
2021-10-03 18:00:18,2242.4,4
2021-10-03 18:00:18,2242.0,1
2021-10-03 18:00:18,2241.9,5
2021-10-03 18:00:19,2242.3,1
2021-10-03 18:00:19,2242.4,1
2021-10-03 18:00:19,2242.0,2
2021-10-03 18:00:19,2241.9,1
2021-10-03 18:00:19,2242.4,1
2021-10-03 18:00:19,2242.5,2
2021-10-03 18:00:19,2242.6,2
2021-10-03 18:00:19,2242.4,1
2021-10-03 18:00:19,2242.0,1
2021-10-03 18:00:19,2241.9,1
2021-10-03 18:00:19,2241.8,1
2021-10-03 18:00:20,2241.7,1
2021-10-03 18:00:20,2241.4,1
2021-10-03 18:00:20,2241.3,1
2021-10-03 18:00:20,2241.4,1
2021-10-03 18:00:20,2241.3,1
2021-10-03 18:00:21,2241.5,1
2021-10-03 18:00:21,2241.4,1
2021-10-03 18:00:22,2241.1,1
2021-10-03 18:00:22,2241.0,2
2021-10-03 18:00:22,2241.1,4
2021-10-03 18:00:22,2241.5,1
2021-10-03 18:00:24,2242.0,1
2021-10-03 18:00:26,2242.4,1
2021-10-03 18:00:26,2242.1,1
2021-10-03 18:00:27,2242.0,1
2021-10-03 18:00:27,2242.3,1
2021-10-03 18:00:27,2242.4,1
2021-10-03 18:00:27,2242.5,2
2021-10-03 18:00:27,2242.0,1
2021-10-03 18:00:28,2242.2,1
2021-10-03 18:00:28,2241.9,1
2021-10-03 18:00:28,2242.3,1
2021-10-03 18:00:28,2242.6,1
2021-10-03 18:00:28,2242.7,5
2021-10-03 18:00:28,2243.0,8
2021-10-03 18:00:28,2243.1,1
2021-10-03 18:00:29,2242.1,1
2021-10-03 18:00:30,2242.6,1
2021-10-03 18:00:30,2242.7,1
2021-10-03 18:00:30,2242.8,1
2021-10-03 18:00:31,2242.6,3
2021-10-03 18:00:31,2242.7,1
2021-10-03 18:00:32,2243.0,1
2021-10-03 18:00:32,2242.9,1
2021-10-03 18:00:33,2243.1,1
2021-10-03 18:00:34,2243.1,1
2021-10-03 18:00:35,2242.9,1
2021-10-03 18:00:35,2243.3,1
2021-10-03 18:00:35,2243.4,1
2021-10-03 18:00:35,2243.5,1
2021-10-03 18:00:35,2243.6,1
2021-10-03 18:00:35,2243.7,4
2021-10-03 18:00:35,2243.9,1
2021-10-03 18:00:36,2243.9,1
2021-10-03 18:00:36,2244.0,1
2021-10-03 18:00:36,2244.1,1
2021-10-03 18:00:36,2244.2,1
2021-10-03 18:00:36,2243.8,1
2021-10-03 18:00:38,2244.1,1
2021-10-03 18:00:38,2243.7,1
2021-10-03 18:00:39,2244.0,1
2021-10-03 18:00:42,2243.5,2
2021-10-03 18:00:44,2243.2,1
2021-10-03 18:00:45,2243.6,1
2021-10-03 18:00:48,2243.7,2
2021-10-03 18:00:49,2243.4,1
2021-10-03 18:00:50,2243.2,1
2021-10-03 18:00:50,2243.1,2
2021-10-03 18:00:51,2243.5,6
2021-10-03 18:00:52,2243.3,1
2021-10-03 18:00:52,2243.1,3
2021-10-03 18:00:52,2243.3,1
2021-10-03 18:00:53,2243.5,1
2021-10-03 18:00:54,2243.6,1
2021-10-03 18:00:54,2243.7,1
2021-10-03 18:00:54,2243.9,1
2021-10-03 18:00:55,2243.8,1
2021-10-03 18:00:55,2243.9,2
2021-10-03 18:00:55,2244.0,3
2021-10-03 18:00:55,2244.1,2
2021-10-03 18:00:55,2243.8,6
2021-10-03 18:00:56,2244.1,2
2021-10-03 18:00:59,2243.7,1
2021-10-03 18:01:00,2244.0,1
2021-10-03 18:01:00,2244.2,2
2021-10-03 18:01:00,2244.3,2
2021-10-03 18:01:00,2244.5,4
2021-10-03 18:01:00,2244.6,2
2021-10-03 18:01:00,2244.7,1
2021-10-03 18:01:00,2244.6,2
2021-10-03 18:01:00,2244.7,4
2021-10-03 18:01:00,2244.6,2
2021-10-03 18:01:00,2244.7,2
2021-10-03 18:01:01,2244.8,2
2021-10-03 18:01:01,2244.9,1
2021-10-03 18:01:01,2244.8,1
2021-10-03 18:01:01,2244.3,1
2021-10-03 18:01:01,2244.2,2
2021-10-03 18:01:01,2244.1,2
2021-10-03 18:01:02,2243.8,1
2021-10-03 18:01:03,2244.0,1
2021-10-03 18:01:03,2244.1,1
2021-10-03 18:01:04,2244.2,1
2021-10-03 18:01:04,2244.6,1
2021-10-03 18:01:05,2244.9,2
2021-10-03 18:01:05,2244.7,1
2021-10-03 18:01:07,2244.2,1
2021-10-03 18:01:08,2244.3,1
2021-10-03 18:01:08,2244.9,1
2021-10-03 18:01:08,2245.0,2
2021-10-03 18:01:08,2244.6,3
2021-10-03 18:01:08,2244.4,1
2021-10-03 18:01:08,2244.3,1
2021-10-03 18:01:09,2244.8,1
2021-10-03 18:01:10,2244.6,1
2021-10-03 18:01:13,2244.0,2
2021-10-03 18:01:14,2244.2,2
2021-10-03 18:01:14,2244.3,2
2021-10-03 18:01:14,2244.4,1
2021-10-03 18:01:14,2243.5,1
2021-10-03 18:01:15,2243.8,1
2021-10-03 18:01:17,2243.8,1
2021-10-03 18:01:17,2243.7,2
2021-10-03 18:01:17,2243.6,2
2021-10-03 18:01:17,2243.8,1
2021-10-03 18:01:18,2243.5,3
2021-10-03 18:01:18,2243.3,1
2021-10-03 18:01:18,2243.2,2
2021-10-03 18:01:18,2243.1,3
2021-10-03 18:01:18,2243.0,2
2021-10-03 18:01:22,2242.7,1
2021-10-03 18:01:22,2242.6,1
2021-10-03 18:01:27,2242.7,1
2021-10-03 18:01:30,2242.6,2
2021-10-03 18:01:30,2242.5,3
2021-10-03 18:01:30,2242.4,1
2021-10-03 18:01:30,2242.3,2
2021-10-03 18:01:30,2242.2,4
2021-10-03 18:01:30,2242.0,1
2021-10-03 18:01:33,2242.5,1
2021-10-03 18:01:34,2242.6,1
2021-10-03 18:01:34,2242.7,4
2021-10-03 18:01:38,2242.8,1
2021-10-03 18:01:41,2242.9,1
2021-10-03 18:01:41,2243.0,2
2021-10-03 18:01:44,2242.8,1
2021-10-03 18:01:46,2242.7,1
2021-10-03 18:01:46,2242.6,3
2021-10-03 18:01:46,2242.5,1
2021-10-03 18:01:47,2242.7,1
2021-10-03 18:01:49,2242.7,1
2021-10-03 18:01:49,2242.6,3
2021-10-03 18:01:49,2242.5,3
2021-10-03 18:01:49,2242.4,2
2021-10-03 18:01:49,2242.3,3
2021-10-03 18:01:49,2242.2,5
2021-10-03 18:01:51,2242.0,1
2021-10-03 18:01:53,2241.8,3
2021-10-03 18:01:53,2241.7,1
2021-10-03 18:01:53,2241.5,1
2021-10-03 18:01:53,2241.4,1
2021-10-03 18:01:53,2241.5,1
2021-10-03 18:01:53,2241.2,1
2021-10-03 18:01:54,2241.5,1
2021-10-03 18:01:54,2241.4,1
2021-10-03 18:01:55,2241.5,1
2021-10-03 18:01:55,2241.7,1
2021-10-03 18:01:55,2241.8,1
2021-10-03 18:01:55,2241.9,1
2021-10-03 18:01:56,2241.9,3
2021-10-03 18:01:56,2242.0,2
2021-10-03 18:02:01,2241.7,1
2021-10-03 18:02:01,2241.6,3
2021-10-03 18:02:01,2241.5,2
2021-10-03 18:02:01,2241.4,2
2021-10-03 18:02:01,2241.3,2
2021-10-03 18:02:01,2241.2,5
2021-10-03 18:02:01,2241.7,2
2021-10-03 18:02:04,2241.7,1
2021-10-03 18:02:07,2241.5,1
2021-10-03 18:02:08,2241.3,1
2021-10-03 18:02:08,2241.2,1
2021-10-03 18:02:09,2241.1,1
2021-10-03 18:02:09,2241.0,5
2021-10-03 18:02:09,2240.9,3
2021-10-03 18:02:09,2240.8,2
2021-10-03 18:02:09,2240.7,6
2021-10-03 18:02:09,2240.6,5
2021-10-03 18:02:09,2240.5,13
2021-10-03 18:02:09,2240.4,1
2021-10-03 18:02:09,2241.0,1
2021-10-03 18:02:09,2241.1,1
2021-10-03 18:02:09,2241.0,1
2021-10-03 18:02:09,2240.9,1
2021-10-03 18:02:09,2240.8,1
2021-10-03 18:02:12,2241.0,3
2021-10-03 18:02:13,2240.7,1
2021-10-03 18:02:13,2240.8,1
2021-10-03 18:02:16,2240.8,1
2021-10-03 18:02:17,2240.6,2
2021-10-03 18:02:17,2240.7,1
2021-10-03 18:02:19,2240.7,1
2021-10-03 18:02:20,2240.6,1
2021-10-03 18:02:20,2240.5,1
2021-10-03 18:02:21,2240.6,1
2021-10-03 18:02:21,2240.7,1
2021-10-03 18:02:22,2241.0,1
2021-10-03 18:02:22,2241.1,1
2021-10-03 18:02:22,2241.2,2
2021-10-03 18:02:22,2241.3,1
2021-10-03 18:02:22,2241.4,2
2021-10-03 18:02:23,2241.6,1
2021-10-03 18:02:26,2241.6,1
2021-10-03 18:02:26,2241.7,1
2021-10-03 18:02:26,2241.3,1
2021-10-03 18:02:26,2241.6,1
2021-10-03 18:02:26,2241.3,1
2021-10-03 18:02:26,2241.2,2
2021-10-03 18:02:37,2241.5,1
2021-10-03 18:02:39,2241.1,2
2021-10-03 18:02:39,2241.0,2
2021-10-03 18:02:39,2240.9,3
2021-10-03 18:02:41,2241.0,1
2021-10-03 18:02:43,2240.9,1
2021-10-03 18:02:43,2240.8,2
2021-10-03 18:02:45,2240.7,2
2021-10-03 18:02:45,2240.5,2
2021-10-03 18:02:45,2240.6,1
2021-10-03 18:02:46,2240.7,2
2021-10-03 18:02:46,2240.5,1
2021-10-03 18:02:48,2240.2,1
2021-10-03 18:02:48,2240.1,1
2021-10-03 18:02:49,2240.1,1
2021-10-03 18:02:49,2240.2,1
2021-10-03 18:02:49,2240.1,1
2021-10-03 18:02:50,2240.5,1
2021-10-03 18:02:52,2240.5,3
2021-10-03 18:02:54,2240.1,1
2021-10-03 18:02:55,2240.1,1
2021-10-03 18:02:55,2240.0,4
2021-10-03 18:02:55,2239.8,1
2021-10-03 18:02:57,2239.9,1
2021-10-03 18:02:57,2239.7,3
2021-10-03 18:02:58,2239.9,2
2021-10-03 18:03:01,2239.8,2
2021-10-03 18:03:01,2239.9,1
2021-10-03 18:03:04,2239.9,1
2021-10-03 18:03:08,2239.8,2
2021-10-03 18:03:08,2239.6,2
2021-10-03 18:03:08,2239.5,5
2021-10-03 18:03:09,2239.7,1
2021-10-03 18:03:09,2239.4,1
2021-10-03 18:03:09,2239.2,1
2021-10-03 18:03:09,2239.1,3
2021-10-03 18:03:09,2239.0,2
2021-10-03 18:03:09,2239.1,1
2021-10-03 18:03:09,2239.0,2
2021-10-03 18:03:09,2238.9,3
2021-10-03 18:03:09,2239.5,1
2021-10-03 18:03:11,2239.6,1
2021-10-03 18:03:13,2239.7,2
2021-10-03 18:03:14,2239.6,1
2021-10-03 18:03:15,2239.3,2
2021-10-03 18:03:17,2239.3,1
2021-10-03 18:03:17,2239.4,1
2021-10-03 18:03:18,2239.3,1
2021-10-03 18:03:18,2239.2,1
2021-10-03 18:03:19,2239.2,1
2021-10-03 18:03:19,2239.3,3
2021-10-03 18:03:23,2239.3,1
2021-10-03 18:03:24,2239.2,1
2021-10-03 18:03:25,2239.0,2
2021-10-03 18:03:27,2239.4,1
2021-10-03 18:03:27,2239.6,5
2021-10-03 18:03:27,2239.7,1
2021-10-03 18:03:27,2239.8,3
2021-10-03 18:03:27,2239.9,3
2021-10-03 18:03:27,2240.0,5
2021-10-03 18:03:27,2240.1,4
2021-10-03 18:03:27,2240.0,1
2021-10-03 18:03:37,2239.7,1
2021-10-03 18:03:40,2239.4,1
2021-10-03 18:03:40,2239.3,1
2021-10-03 18:03:45,2239.1,2
2021-10-03 18:03:46,2239.6,1
2021-10-03 18:03:48,2239.1,5
2021-10-03 18:03:48,2239.0,3
2021-10-03 18:03:48,2239.2,2
2021-10-03 18:03:49,2239.3,1
2021-10-03 18:03:49,2239.0,2
2021-10-03 18:03:51,2238.8,1
2021-10-03 18:03:51,2238.7,1
2021-10-03 18:03:51,2238.6,5
2021-10-03 18:03:51,2238.5,1
2021-10-03 18:03:51,2238.8,2
2021-10-03 18:03:56,2238.7,1
2021-10-03 18:03:56,2238.8,3
2021-10-03 18:03:56,2238.4,1
2021-10-03 18:03:59,2238.3,1
2021-10-03 18:04:00,2238.3,2
2021-10-03 18:04:00,2238.2,3
2021-10-03 18:04:02,2238.1,1
2021-10-03 18:04:02,2238.0,5
2021-10-03 18:04:02,2237.9,1
2021-10-03 18:04:06,2237.8,3
2021-10-03 18:04:06,2237.7,1
2021-10-03 18:04:08,2237.6,1
2021-10-03 18:04:11,2237.9,1
2021-10-03 18:04:15,2237.8,1
2021-10-03 18:04:16,2237.6,2
2021-10-03 18:04:16,2237.4,1
2021-10-03 18:04:17,2237.6,1
2021-10-03 18:04:18,2237.4,2
2021-10-03 18:04:19,2237.4,1
2021-10-03 18:04:20,2237.3,1
2021-10-03 18:04:22,2237.6,1
2021-10-03 18:04:26,2237.4,1
2021-10-03 18:04:26,2237.3,1
2021-10-03 18:04:26,2237.2,3
2021-10-03 18:04:26,2237.1,4
2021-10-03 18:04:28,2237.2,2
2021-10-03 18:04:30,2237.0,1
2021-10-03 18:04:33,2237.0,1
2021-10-03 18:04:33,2236.9,1
2021-10-03 18:04:33,2236.8,3
2021-10-03 18:04:45,2237.1,2
2021-10-03 18:04:49,2237.0,1
2021-10-03 18:04:49,2236.9,1
2021-10-03 18:04:49,2236.8,3
2021-10-03 18:04:49,2236.9,1
2021-10-03 18:04:49,2236.8,1
2021-10-03 18:04:49,2236.7,1
2021-10-03 18:04:50,2236.8,2
2021-10-03 18:04:50,2236.9,3
2021-10-03 18:04:50,2237.0,1
2021-10-03 18:04:52,2236.5,1
2021-10-03 18:04:53,2236.5,2
2021-10-03 18:04:53,2236.6,1
2021-10-03 18:04:54,2236.7,1
2021-10-03 18:04:55,2236.5,1
2021-10-03 18:04:55,2236.4,2
2021-10-03 18:04:55,2236.3,1
2021-10-03 18:04:56,2236.6,1
2021-10-03 18:04:56,2236.5,1
2021-10-03 18:05:01,2236.5,1
2021-10-03 18:05:01,2236.6,1
2021-10-03 18:05:02,2236.6,1
2021-10-03 18:05:25,2236.6,1
2021-10-03 18:05:25,2236.5,1
2021-10-03 18:05:26,2236.7,5
2021-10-03 18:05:26,2236.9,1
2021-10-03 18:05:26,2237.0,1
2021-10-03 18:05:31,2236.6,1
2021-10-03 18:05:31,2236.5,1
2021-10-03 18:05:39,2236.8,2
2021-10-03 18:05:39,2237.0,1
2021-10-03 18:05:39,2236.9,1
2021-10-03 18:05:39,2237.1,1
2021-10-03 18:05:39,2237.2,2
2021-10-03 18:05:40,2237.1,1
2021-10-03 18:05:40,2237.2,2
2021-10-03 18:05:41,2237.3,2
2021-10-03 18:05:41,2237.1,2
2021-10-03 18:05:41,2237.5,1
2021-10-03 18:05:41,2237.6,2
2021-10-03 18:05:43,2237.6,1
2021-10-03 18:05:43,2237.9,3
2021-10-03 18:05:44,2238.0,4
2021-10-03 18:05:45,2238.1,6
2021-10-03 18:05:45,2238.2,2
2021-10-03 18:05:45,2238.3,2
2021-10-03 18:05:46,2238.4,2
2021-10-03 18:05:47,2238.5,4
2021-10-03 18:05:50,2238.6,1
2021-10-03 18:05:53,2238.8,4
2021-10-03 18:05:55,2239.0,1
2021-10-03 18:05:58,2239.2,2
2021-10-03 18:05:58,2239.3,2
2021-10-03 18:05:58,2239.4,2
2021-10-03 18:05:58,2239.5,2
2021-10-03 18:05:59,2239.4,1
2021-10-03 18:05:59,2239.3,1
2021-10-03 18:06:01,2239.3,2
2021-10-03 18:06:09,2239.2,3
2021-10-03 18:06:15,2239.2,2
2021-10-03 18:06:17,2239.6,2
2021-10-03 18:06:17,2239.7,1
2021-10-03 18:06:17,2239.8,2
2021-10-03 18:06:19,2239.7,1
2021-10-03 18:06:21,2239.5,2
2021-10-03 18:06:33,2239.4,1
2021-10-03 18:06:35,2239.2,1
2021-10-03 18:06:35,2239.1,3
2021-10-03 18:06:35,2239.0,1
2021-10-03 18:06:35,2238.8,1
2021-10-03 18:06:35,2238.7,1
2021-10-03 18:06:35,2238.6,3
2021-10-03 18:06:36,2238.3,1
2021-10-03 18:06:40,2238.4,1
2021-10-03 18:06:40,2238.3,1
2021-10-03 18:06:52,2239.0,1
2021-10-03 18:06:58,2238.8,1
2021-10-03 18:06:58,2239.0,2
2021-10-03 18:06:58,2239.1,2
2021-10-03 18:06:58,2239.2,1
2021-10-03 18:06:58,2239.1,1
2021-10-03 18:07:04,2239.3,2
2021-10-03 18:07:04,2239.4,1
2021-10-03 18:07:04,2239.3,1
2021-10-03 18:07:12,2239.3,3
2021-10-03 18:07:13,2239.4,1
2021-10-03 18:07:23,2239.4,1
2021-10-03 18:07:25,2239.1,2
2021-10-03 18:07:26,2238.9,2
2021-10-03 18:07:27,2238.8,2
2021-10-03 18:07:29,2238.9,1
2021-10-03 18:07:33,2239.4,1
2021-10-03 18:07:33,2239.5,1
2021-10-03 18:07:33,2239.4,1
2021-10-03 18:07:45,2239.2,2
2021-10-03 18:07:45,2239.3,5
2021-10-03 18:07:45,2239.4,3
2021-10-03 18:07:45,2239.5,1
2021-10-03 18:07:45,2239.6,2
2021-10-03 18:07:45,2239.7,2
2021-10-03 18:07:49,2239.9,3
2021-10-03 18:07:54,2239.5,1
2021-10-03 18:07:55,2239.8,1
2021-10-03 18:07:55,2239.9,2
2021-10-03 18:07:55,2240.0,2
2021-10-03 18:07:55,2239.5,1
2021-10-03 18:08:01,2239.3,1
2021-10-03 18:08:01,2239.2,2
2021-10-03 18:08:03,2238.7,3
2021-10-03 18:08:04,2238.7,2
2021-10-03 18:08:04,2238.6,1
2021-10-03 18:08:05,2238.4,2
2021-10-03 18:08:08,2238.4,2
2021-10-03 18:08:13,2238.4,1
2021-10-03 18:08:13,2238.2,5
2021-10-03 18:08:17,2238.2,1
2021-10-03 18:08:26,2238.4,1
2021-10-03 18:08:26,2238.3,1
2021-10-03 18:08:27,2238.2,1
2021-10-03 18:08:29,2238.4,1
2021-10-03 18:08:39,2238.5,1
2021-10-03 18:08:44,2238.8,1
2021-10-03 18:08:46,2238.7,1
2021-10-03 18:08:46,2238.6,3
2021-10-03 18:08:46,2238.5,3
2021-10-03 18:08:46,2238.4,3
2021-10-03 18:08:46,2238.3,5
2021-10-03 18:08:46,2238.8,1
2021-10-03 18:08:49,2238.7,1
2021-10-03 18:08:49,2238.6,2
2021-10-03 18:08:49,2238.5,1
2021-10-03 18:08:55,2238.4,1
2021-10-03 18:08:56,2238.4,1
2021-10-03 18:09:02,2238.4,1
2021-10-03 18:09:02,2238.5,1
2021-10-03 18:09:04,2238.4,2
2021-10-03 18:09:05,2238.2,2
2021-10-03 18:09:05,2238.1,5
2021-10-03 18:09:05,2238.0,5
2021-10-03 18:09:05,2237.9,5
2021-10-03 18:09:05,2237.8,7
2021-10-03 18:09:05,2237.7,1
2021-10-03 18:09:05,2238.2,2
2021-10-03 18:09:13,2238.4,1
2021-10-03 18:09:23,2238.1,1
2021-10-03 18:09:23,2238.2,2
2021-10-03 18:09:23,2238.3,3
2021-10-03 18:09:40,2238.3,2
2021-10-03 18:09:44,2237.9,1
2021-10-03 18:09:45,2237.9,1
2021-10-03 18:09:57,2238.2,2
2021-10-03 18:10:06,2238.3,28
2021-10-03 18:10:08,2238.4,2
2021-10-03 18:10:14,2238.6,1
2021-10-03 18:10:19,2238.8,3
2021-10-03 18:10:20,2238.8,2
2021-10-03 18:10:20,2238.9,3
2021-10-03 18:10:22,2238.9,1
2021-10-03 18:10:22,2239.0,3
2021-10-03 18:10:22,2238.9,1
2021-10-03 18:10:51,2238.9,1
2021-10-03 18:10:52,2239.1,3
2021-10-03 18:10:52,2239.2,2
2021-10-03 18:10:52,2239.3,1
2021-10-03 18:10:53,2239.2,2
2021-10-03 18:10:55,2239.4,1
2021-10-03 18:11:00,2239.5,2
2021-10-03 18:11:03,2239.4,1
2021-10-03 18:11:05,2239.4,1
2021-10-03 18:11:05,2239.3,1
2021-10-03 18:11:14,2239.2,2
2021-10-03 18:11:15,2239.3,1
2021-10-03 18:11:20,2239.1,3
2021-10-03 18:11:21,2239.2,1
2021-10-03 18:11:22,2239.5,4
2021-10-03 18:11:22,2239.4,1
2021-10-03 18:11:37,2239.7,6
2021-10-03 18:11:37,2239.8,1
2021-10-03 18:11:40,2239.8,1
2021-10-03 18:11:47,2240.0,7
2021-10-03 18:11:47,2239.9,2
2021-10-03 18:11:49,2239.9,3
2021-10-03 18:11:49,2239.7,2
2021-10-03 18:11:49,2239.6,2
2021-10-03 18:11:50,2239.9,2
2021-10-03 18:11:57,2239.8,1
2021-10-03 18:11:57,2239.6,1
2021-10-03 18:11:58,2239.8,2
2021-10-03 18:11:58,2239.7,1
2021-10-03 18:12:13,2239.4,3
2021-10-03 18:12:28,2239.6,2
2021-10-03 18:12:34,2239.4,1
2021-10-03 18:12:36,2239.1,1
2021-10-03 18:12:36,2239.2,1
2021-10-03 18:12:39,2239.5,1
2021-10-03 18:12:47,2239.4,1
2021-10-03 18:12:53,2239.4,1
2021-10-03 18:12:54,2239.3,4
2021-10-03 18:12:56,2239.4,2
2021-10-03 18:13:04,2239.5,3
2021-10-03 18:13:06,2239.6,2
2021-10-03 18:13:06,2239.7,2
2021-10-03 18:13:06,2239.8,3
2021-10-03 18:13:08,2239.9,2
2021-10-03 18:13:09,2240.0,3
2021-10-03 18:13:09,2240.1,6
2021-10-03 18:13:10,2240.1,3
2021-10-03 18:13:14,2240.3,4
2021-10-03 18:13:17,2240.3,1
2021-10-03 18:13:18,2240.1,2
2021-10-03 18:13:18,2240.0,2
2021-10-03 18:13:18,2240.2,1
2021-10-03 18:13:18,2240.1,1
2021-10-03 18:13:20,2240.1,1
2021-10-03 18:13:23,2240.0,3
2021-10-03 18:13:27,2240.1,2
2021-10-03 18:13:27,2240.2,2
2021-10-03 18:13:27,2240.0,1
2021-10-03 18:13:30,2240.1,2
2021-10-03 18:13:31,2240.0,1
2021-10-03 18:13:32,2240.0,2
2021-10-03 18:13:37,2240.3,3
2021-10-03 18:13:39,2240.5,6
2021-10-03 18:13:41,2240.3,1
2021-10-03 18:13:41,2240.4,1
2021-10-03 18:13:52,2240.0,2
2021-10-03 18:13:52,2239.9,5
2021-10-03 18:13:52,2239.8,3
2021-10-03 18:13:52,2239.7,4
2021-10-03 18:13:52,2239.6,3
2021-10-03 18:13:52,2239.5,2
2021-10-03 18:13:52,2239.4,3
2021-10-03 18:13:52,2239.3,3
2021-10-03 18:13:52,2239.4,1
2021-10-03 18:13:52,2239.3,2
2021-10-03 18:13:52,2239.2,3
2021-10-03 18:13:52,2239.1,1
2021-10-03 18:13:52,2239.2,1
2021-10-03 18:13:53,2239.1,1
2021-10-03 18:13:54,2239.0,1
2021-10-03 18:13:54,2239.1,1
2021-10-03 18:13:55,2239.1,1
2021-10-03 18:13:55,2239.2,5
2021-10-03 18:13:55,2239.3,1
2021-10-03 18:13:55,2239.4,1
2021-10-03 18:14:01,2239.0,15
2021-10-03 18:14:03,2238.9,1
2021-10-03 18:14:05,2238.8,2
2021-10-03 18:14:09,2238.9,2
2021-10-03 18:14:11,2238.8,1
2021-10-03 18:14:13,2238.8,1
2021-10-03 18:14:20,2238.9,1
2021-10-03 18:14:35,2238.7,4
2021-10-03 18:14:40,2238.6,1
2021-10-03 18:14:41,2238.6,1
2021-10-03 18:14:41,2238.4,3
2021-10-03 18:14:43,2238.3,2
2021-10-03 18:14:44,2238.3,1
2021-10-03 18:14:44,2238.4,1
2021-10-03 18:14:44,2238.5,1
2021-10-03 18:14:44,2238.4,1
2021-10-03 18:14:45,2238.1,3
2021-10-03 18:14:45,2238.0,4
2021-10-03 18:14:48,2238.0,2
2021-10-03 18:14:48,2237.8,3
2021-10-03 18:14:48,2237.7,1
2021-10-03 18:14:49,2238.0,1
2021-10-03 18:14:57,2238.0,7
2021-10-03 18:14:57,2238.1,1
2021-10-03 18:14:58,2237.9,2
2021-10-03 18:14:58,2237.8,3
2021-10-03 18:14:58,2237.7,1
2021-10-03 18:14:59,2237.8,2
2021-10-03 18:14:59,2237.9,1
2021-10-03 18:15:07,2237.7,2
2021-10-03 18:15:09,2237.8,3
2021-10-03 18:15:09,2237.9,4
2021-10-03 18:15:09,2238.0,5
2021-10-03 18:15:09,2238.1,3
2021-10-03 18:15:24,2237.9,1
2021-10-03 18:15:40,2238.1,2
2021-10-03 18:15:40,2238.2,4
2021-10-03 18:15:40,2238.3,2
2021-10-03 18:15:40,2238.4,3
2021-10-03 18:15:40,2238.5,1
2021-10-03 18:15:44,2238.5,1
2021-10-03 18:15:44,2238.6,2
2021-10-03 18:15:45,2238.5,1
2021-10-03 18:15:51,2238.4,3
2021-10-03 18:16:01,2238.4,1
2021-10-03 18:16:05,2238.7,2
2021-10-03 18:16:05,2238.8,1
2021-10-03 18:16:07,2238.8,2
2021-10-03 18:16:08,2238.9,1
2021-10-03 18:16:08,2238.7,1
2021-10-03 18:16:11,2238.9,1
2021-10-03 18:16:11,2239.0,3
2021-10-03 18:16:11,2238.9,1
2021-10-03 18:16:11,2238.8,1
2021-10-03 18:16:12,2239.0,1
2021-10-03 18:16:15,2239.1,1
2021-10-03 18:16:16,2239.2,1
2021-10-03 18:16:17,2239.3,1
2021-10-03 18:16:18,2239.4,1
2021-10-03 18:16:18,2239.1,1
2021-10-03 18:16:24,2238.8,1
2021-10-03 18:16:24,2238.9,2
2021-10-03 18:16:26,2238.8,1
2021-10-03 18:16:35,2238.7,1
2021-10-03 18:16:39,2238.7,1
2021-10-03 18:16:41,2238.6,3
2021-10-03 18:16:41,2238.7,5
2021-10-03 18:16:42,2238.4,1
2021-10-03 18:16:44,2238.0,3
2021-10-03 18:16:44,2237.9,4
2021-10-03 18:16:46,2237.9,1
2021-10-03 18:16:46,2237.8,1
2021-10-03 18:16:47,2238.0,2
2021-10-03 18:16:56,2237.7,4
2021-10-03 18:16:56,2237.6,1
2021-10-03 18:16:59,2237.7,2
2021-10-03 18:17:03,2237.7,2
2021-10-03 18:17:06,2238.0,5
2021-10-03 18:17:09,2237.7,1
2021-10-03 18:17:19,2237.9,1
2021-10-03 18:17:19,2237.8,2
2021-10-03 18:17:20,2237.7,1
2021-10-03 18:17:20,2237.9,1
2021-10-03 18:17:25,2237.7,2
2021-10-03 18:17:28,2237.8,2
2021-10-03 18:17:35,2237.6,1
2021-10-03 18:17:35,2237.5,1
2021-10-03 18:17:35,2237.8,2
2021-10-03 18:17:46,2237.6,6
2021-10-03 18:17:46,2237.5,2
2021-10-03 18:17:47,2237.6,1
2021-10-03 18:17:52,2237.7,1
2021-10-03 18:17:52,2237.8,2
2021-10-03 18:18:04,2237.7,2
2021-10-03 18:18:17,2237.5,1
2021-10-03 18:18:19,2237.8,3
2021-10-03 18:18:21,2237.9,3
2021-10-03 18:18:21,2238.0,3
2021-10-03 18:18:21,2238.1,2
2021-10-03 18:18:21,2238.2,1
2021-10-03 18:18:21,2238.3,1
2021-10-03 18:18:21,2238.2,1
2021-10-03 18:18:27,2238.3,1
2021-10-03 18:18:27,2238.4,3
2021-10-03 18:18:27,2238.5,4
2021-10-03 18:18:41,2238.6,1
2021-10-03 18:18:42,2238.3,1
2021-10-03 18:18:43,2238.0,3
2021-10-03 18:18:52,2238.4,1
2021-10-03 18:18:52,2238.3,1
2021-10-03 18:18:57,2238.3,1
2021-10-03 18:19:08,2238.6,1
2021-10-03 18:19:08,2238.7,2
2021-10-03 18:19:08,2238.8,3
2021-10-03 18:19:11,2238.6,1
2021-10-03 18:19:19,2238.6,3
2021-10-03 18:19:19,2238.4,3
2021-10-03 18:19:19,2238.3,4
2021-10-03 18:19:19,2238.2,1
2021-10-03 18:19:22,2238.1,2
2021-10-03 18:19:25,2238.3,2
2021-10-03 18:19:28,2238.4,1
2021-10-03 18:19:31,2238.4,3
2021-10-03 18:19:33,2238.5,1
2021-10-03 18:19:34,2238.6,1
2021-10-03 18:19:43,2238.6,1
2021-10-03 18:19:46,2238.6,1
2021-10-03 18:19:47,2238.7,2
2021-10-03 18:19:47,2238.8,1
2021-10-03 18:19:50,2238.6,1
2021-10-03 18:19:55,2238.7,1
2021-10-03 18:19:58,2238.7,1
2021-10-03 18:20:01,2238.5,1
2021-10-03 18:20:01,2238.4,5
2021-10-03 18:20:01,2238.3,5
2021-10-03 18:20:01,2238.7,1
2021-10-03 18:20:03,2238.9,1
2021-10-03 18:20:05,2238.9,1
2021-10-03 18:20:10,2239.0,1
2021-10-03 18:20:15,2239.2,1
2021-10-03 18:20:15,2239.3,1
2021-10-03 18:20:15,2239.4,2
2021-10-03 18:20:15,2239.5,1
2021-10-03 18:20:15,2239.6,1
2021-10-03 18:20:16,2239.8,1
2021-10-03 18:20:16,2239.9,4
2021-10-03 18:20:16,2240.0,5
2021-10-03 18:20:19,2240.2,1
2021-10-03 18:20:19,2240.3,4
2021-10-03 18:20:19,2240.4,3
2021-10-03 18:20:19,2240.5,2
2021-10-03 18:20:20,2240.1,2
2021-10-03 18:20:23,2240.5,1
2021-10-03 18:20:24,2240.7,1
2021-10-03 18:20:24,2240.8,2
2021-10-03 18:20:24,2240.9,3
2021-10-03 18:20:24,2241.0,5
2021-10-03 18:20:24,2241.1,5
2021-10-03 18:20:24,2241.2,4
2021-10-03 18:20:24,2241.3,1
2021-10-03 18:20:25,2240.7,1
2021-10-03 18:20:25,2240.5,1
2021-10-03 18:20:26,2240.7,2
2021-10-03 18:20:26,2240.8,2
2021-10-03 18:20:26,2240.5,2
2021-10-03 18:20:28,2240.8,2
2021-10-03 18:20:28,2240.6,1
2021-10-03 18:20:31,2240.4,2
2021-10-03 18:20:31,2240.5,2
2021-10-03 18:20:31,2240.6,2
2021-10-03 18:20:31,2240.4,1
2021-10-03 18:20:32,2240.4,2
2021-10-03 18:20:32,2240.3,2
2021-10-03 18:20:34,2240.5,4
2021-10-03 18:20:34,2240.3,2
2021-10-03 18:20:38,2240.5,2
2021-10-03 18:20:38,2240.3,1
2021-10-03 18:20:41,2240.6,2
2021-10-03 18:20:42,2240.6,2
2021-10-03 18:20:43,2240.7,1
2021-10-03 18:20:44,2240.6,2
2021-10-03 18:20:45,2240.7,2
2021-10-03 18:20:46,2240.6,2
2021-10-03 18:20:47,2240.9,4
2021-10-03 18:20:48,2240.7,1
2021-10-03 18:20:49,2240.8,1
2021-10-03 18:20:49,2240.7,1
2021-10-03 18:20:50,2240.4,1
2021-10-03 18:20:52,2240.3,2
2021-10-03 18:20:52,2240.5,1
2021-10-03 18:20:53,2240.4,6
2021-10-03 18:20:56,2240.7,2
2021-10-03 18:20:57,2240.6,1
2021-10-03 18:20:57,2240.5,1
2021-10-03 18:20:58,2240.8,1
2021-10-03 18:20:59,2240.7,2
2021-10-03 18:21:02,2240.3,2
2021-10-03 18:21:04,2240.4,3
2021-10-03 18:21:07,2240.3,1
2021-10-03 18:21:12,2240.1,1
2021-10-03 18:21:13,2239.9,1
2021-10-03 18:21:13,2240.1,1
2021-10-03 18:21:13,2240.2,1
2021-10-03 18:21:14,2240.2,1
2021-10-03 18:21:18,2240.3,1
2021-10-03 18:21:29,2240.1,1
2021-10-03 18:21:35,2240.1,2
2021-10-03 18:21:37,2240.2,1
2021-10-03 18:21:37,2240.1,1
2021-10-03 18:21:42,2240.4,3
2021-10-03 18:21:42,2240.7,2
2021-10-03 18:21:47,2240.8,1
2021-10-03 18:21:48,2240.7,1
2021-10-03 18:22:02,2240.7,1
2021-10-03 18:22:02,2240.9,1
2021-10-03 18:22:14,2241.0,1
2021-10-03 18:22:17,2241.0,4
2021-10-03 18:22:17,2241.1,3
2021-10-03 18:22:17,2241.0,2
2021-10-03 18:22:17,2241.1,4
2021-10-03 18:22:17,2241.2,1
2021-10-03 18:22:17,2240.9,1
2021-10-03 18:22:19,2241.0,1
2021-10-03 18:22:19,2241.1,1
2021-10-03 18:22:19,2240.9,1
2021-10-03 18:22:21,2240.8,2
2021-10-03 18:22:26,2240.7,2
2021-10-03 18:22:30,2240.9,2
2021-10-03 18:22:35,2241.1,2
2021-10-03 18:22:35,2241.3,3
2021-10-03 18:22:41,2241.5,4
2021-10-03 18:22:42,2241.5,1
2021-10-03 18:22:43,2241.6,1
2021-10-03 18:22:44,2241.4,2
2021-10-03 18:22:48,2241.1,2
2021-10-03 18:22:51,2241.3,1
2021-10-03 18:22:55,2241.4,1
2021-10-03 18:22:55,2241.3,1
2021-10-03 18:22:55,2241.4,1
2021-10-03 18:22:55,2241.3,1
2021-10-03 18:23:01,2241.8,2
2021-10-03 18:23:01,2241.9,6
2021-10-03 18:23:01,2242.0,6
2021-10-03 18:23:01,2242.1,1
2021-10-03 18:23:01,2242.0,1
2021-10-03 18:23:05,2242.3,8
2021-10-03 18:23:05,2242.1,4
2021-10-03 18:23:07,2242.4,1
2021-10-03 18:23:11,2242.2,2
2021-10-03 18:23:11,2242.1,1
2021-10-03 18:23:11,2242.0,3
2021-10-03 18:23:12,2242.2,1
2021-10-03 18:23:12,2242.0,2
2021-10-03 18:23:12,2241.9,2
2021-10-03 18:23:16,2242.2,2
2021-10-03 18:23:16,2242.0,1
2021-10-03 18:23:25,2242.3,2
2021-10-03 18:23:27,2242.2,2
2021-10-03 18:23:27,2242.0,1
2021-10-03 18:23:27,2241.9,2
2021-10-03 18:23:32,2241.8,6
2021-10-03 18:23:32,2241.7,1
2021-10-03 18:23:33,2241.5,3
2021-10-03 18:23:33,2241.7,1
2021-10-03 18:23:34,2241.6,2
2021-10-03 18:23:39,2241.8,2
2021-10-03 18:23:40,2241.9,1
2021-10-03 18:23:42,2242.0,1
2021-10-03 18:23:42,2242.1,1
2021-10-03 18:23:45,2242.0,1
2021-10-03 18:23:45,2241.9,3
2021-10-03 18:23:47,2241.6,1
2021-10-03 18:23:52,2241.4,2
2021-10-03 18:24:00,2241.6,2
2021-10-03 18:24:01,2241.7,3
2021-10-03 18:24:01,2241.8,1
2021-10-03 18:24:01,2241.4,1
2021-10-03 18:24:02,2241.4,4
2021-10-03 18:24:07,2241.4,5
2021-10-03 18:24:13,2241.2,1
2021-10-03 18:24:15,2241.0,1
2021-10-03 18:24:19,2241.2,2
2021-10-03 18:24:27,2241.2,1
2021-10-03 18:24:36,2241.3,3
2021-10-03 18:24:38,2241.1,1
2021-10-03 18:24:41,2241.4,2
2021-10-03 18:24:41,2241.5,2
2021-10-03 18:24:41,2241.6,2
2021-10-03 18:24:41,2241.7,1
2021-10-03 18:24:45,2241.8,2
2021-10-03 18:24:46,2241.8,2
2021-10-03 18:24:47,2241.9,1
2021-10-03 18:24:50,2241.8,1
2021-10-03 18:24:50,2241.9,1
2021-10-03 18:24:54,2241.9,1
2021-10-03 18:24:56,2242.0,2
2021-10-03 18:24:56,2241.9,1
2021-10-03 18:25:02,2241.6,2
2021-10-03 18:25:12,2241.5,1
2021-10-03 18:25:18,2241.8,1
2021-10-03 18:25:18,2241.9,2
2021-10-03 18:25:25,2241.7,1
2021-10-03 18:25:25,2241.6,2
2021-10-03 18:25:28,2241.8,1
2021-10-03 18:25:38,2241.6,1
2021-10-03 18:25:49,2241.6,1
2021-10-03 18:25:56,2241.7,1
2021-10-03 18:26:02,2241.6,2
2021-10-03 18:26:04,2241.7,1
2021-10-03 18:26:07,2241.7,1
2021-10-03 18:26:18,2241.6,1
2021-10-03 18:26:19,2241.7,1
2021-10-03 18:26:21,2241.8,2
2021-10-03 18:26:23,2241.7,2
2021-10-03 18:26:40,2241.6,2
2021-10-03 18:26:46,2241.7,2
2021-10-03 18:27:00,2241.8,1
2021-10-03 18:27:04,2241.8,2
2021-10-03 18:27:04,2241.9,2
2021-10-03 18:27:08,2241.7,2
2021-10-03 18:27:09,2242.0,2
2021-10-03 18:27:09,2241.9,2
2021-10-03 18:27:10,2241.7,2
2021-10-03 18:27:10,2241.8,1
2021-10-03 18:27:10,2242.1,4
2021-10-03 18:27:14,2242.1,2
2021-10-03 18:27:19,2242.0,1
2021-10-03 18:27:31,2242.2,1
2021-10-03 18:27:35,2242.3,2
2021-10-03 18:27:37,2242.5,4
2021-10-03 18:27:39,2242.6,1
2021-10-03 18:27:47,2242.5,1
2021-10-03 18:27:58,2242.7,1
2021-10-03 18:27:58,2242.8,5
2021-10-03 18:28:04,2242.8,1
2021-10-03 18:28:04,2242.9,1
2021-10-03 18:28:05,2242.7,3
2021-10-03 18:28:07,2242.6,1
2021-10-03 18:28:28,2242.5,1
2021-10-03 18:28:33,2242.5,1
2021-10-03 18:28:35,2242.4,2
2021-10-03 18:28:38,2242.4,1
2021-10-03 18:28:43,2242.3,4
2021-10-03 18:28:55,2242.3,3
2021-10-03 18:28:56,2242.3,2
2021-10-03 18:29:00,2242.2,5
2021-10-03 18:29:12,2242.3,2
2021-10-03 18:29:13,2242.5,1
2021-10-03 18:29:19,2242.6,1
2021-10-03 18:29:19,2242.7,2
2021-10-03 18:29:19,2242.8,4
2021-10-03 18:29:19,2242.9,2
2021-10-03 18:29:19,2242.8,1
2021-10-03 18:29:19,2243.0,4
2021-10-03 18:29:19,2243.1,3
2021-10-03 18:29:20,2243.2,3
2021-10-03 18:29:20,2243.3,3
2021-10-03 18:29:20,2243.4,2
2021-10-03 18:29:20,2243.3,1
2021-10-03 18:29:20,2243.5,2
2021-10-03 18:29:20,2243.6,2
2021-10-03 18:29:20,2243.7,2
2021-10-03 18:29:21,2243.6,2
2021-10-03 18:29:22,2243.8,2
2021-10-03 18:29:25,2243.6,2
2021-10-03 18:29:25,2243.4,3
2021-10-03 18:29:26,2243.8,2
2021-10-03 18:29:32,2243.2,5
2021-10-03 18:29:37,2243.2,3
2021-10-03 18:29:42,2243.3,2
2021-10-03 18:29:45,2243.2,1
2021-10-03 18:29:45,2243.5,1
2021-10-03 18:29:45,2243.6,1
2021-10-03 18:29:45,2243.7,3
2021-10-03 18:29:46,2243.8,1
2021-10-03 18:29:47,2243.7,1
2021-10-03 18:29:51,2243.6,5
2021-10-03 18:29:56,2243.3,9
2021-10-03 18:29:56,2243.2,2
2021-10-03 18:30:02,2243.5,1
2021-10-03 18:30:06,2243.5,3
2021-10-03 18:30:08,2243.5,1
2021-10-03 18:30:08,2243.4,2
2021-10-03 18:30:09,2243.5,4
2021-10-03 18:30:10,2243.6,2
2021-10-03 18:30:12,2243.7,2
2021-10-03 18:30:13,2243.7,4
2021-10-03 18:30:13,2243.8,5
2021-10-03 18:30:13,2243.9,11
2021-10-03 18:30:13,2243.6,1
2021-10-03 18:30:13,2243.7,1
2021-10-03 18:30:13,2243.8,1
2021-10-03 18:30:13,2243.9,23
2021-10-03 18:30:13,2243.8,2
2021-10-03 18:30:13,2243.9,3
2021-10-03 18:30:14,2243.8,2
2021-10-03 18:30:14,2243.9,1
2021-10-03 18:30:14,2243.8,2
2021-10-03 18:30:19,2243.7,2
2021-10-03 18:30:19,2243.6,2
2021-10-03 18:30:20,2243.5,5
2021-10-03 18:30:20,2243.4,3
2021-10-03 18:30:20,2243.5,2
2021-10-03 18:30:22,2243.7,4
2021-10-03 18:30:22,2243.8,6
2021-10-03 18:30:22,2243.9,5
2021-10-03 18:30:22,2244.0,5
2021-10-03 18:30:22,2243.8,2
2021-10-03 18:30:22,2243.9,2
2021-10-03 18:30:22,2244.0,4
2021-10-03 18:30:22,2244.1,12
2021-10-03 18:30:22,2243.7,1
2021-10-03 18:30:22,2243.9,1
2021-10-03 18:30:22,2243.8,6
2021-10-03 18:30:23,2243.6,1
2021-10-03 18:30:23,2243.7,1
2021-10-03 18:30:24,2243.5,1
2021-10-03 18:30:24,2243.7,1
2021-10-03 18:30:29,2243.7,3
2021-10-03 18:30:29,2243.9,2
2021-10-03 18:30:33,2243.9,1
2021-10-03 18:30:33,2243.8,2
2021-10-03 18:30:34,2243.9,1
2021-10-03 18:30:35,2243.7,2
2021-10-03 18:30:40,2243.7,2
2021-10-03 18:30:40,2243.8,6
2021-10-03 18:30:40,2243.9,12
2021-10-03 18:30:40,2243.7,1
2021-10-03 18:30:40,2243.8,2
2021-10-03 18:30:40,2243.7,1
2021-10-03 18:30:41,2243.5,2
2021-10-03 18:30:41,2243.6,1
2021-10-03 18:30:42,2243.6,1
2021-10-03 18:30:44,2243.6,1
2021-10-03 18:30:44,2243.4,1
2021-10-03 18:30:44,2243.5,1
2021-10-03 18:30:45,2243.7,1
2021-10-03 18:30:45,2243.8,19
2021-10-03 18:30:48,2243.8,2
2021-10-03 18:30:50,2243.8,1
2021-10-03 18:30:50,2243.7,1
2021-10-03 18:30:52,2243.8,2
2021-10-03 18:30:55,2243.8,1
2021-10-03 18:30:55,2244.0,1
2021-10-03 18:30:55,2244.1,4
2021-10-03 18:30:56,2244.2,4
2021-10-03 18:30:56,2244.3,2
2021-10-03 18:30:56,2244.4,8
2021-10-03 18:30:56,2244.5,13
2021-10-03 18:30:56,2244.6,2
2021-10-03 18:30:56,2244.7,1
2021-10-03 18:30:57,2244.8,1
2021-10-03 18:30:58,2244.7,2
2021-10-03 18:31:00,2244.7,1
2021-10-03 18:31:00,2244.6,2
2021-10-03 18:31:00,2244.5,1
2021-10-03 18:31:02,2244.3,2
2021-10-03 18:31:03,2244.4,1
2021-10-03 18:31:03,2244.6,1
2021-10-03 18:31:03,2244.5,20
2021-10-03 18:31:09,2244.2,1
2021-10-03 18:31:10,2244.2,2
2021-10-03 18:31:14,2244.3,1
2021-10-03 18:31:16,2244.2,1
2021-10-03 18:31:18,2244.2,1
2021-10-03 18:31:22,2244.2,2
2021-10-03 18:31:22,2244.3,18
2021-10-03 18:31:24,2244.3,1
2021-10-03 18:31:28,2244.3,7
2021-10-03 18:31:32,2244.2,1
2021-10-03 18:31:35,2244.2,3
2021-10-03 18:31:37,2244.2,2
2021-10-03 18:31:38,2244.2,1
2021-10-03 18:31:39,2244.2,1
2021-10-03 18:31:44,2244.4,1
2021-10-03 18:31:46,2244.2,1
2021-10-03 18:31:47,2244.2,1
2021-10-03 18:32:00,2244.5,3
2021-10-03 18:32:06,2244.3,2
2021-10-03 18:32:07,2244.5,3
2021-10-03 18:32:07,2244.6,1
2021-10-03 18:32:10,2244.2,2
2021-10-03 18:32:10,2244.1,1
2021-10-03 18:32:11,2244.5,2
2021-10-03 18:32:11,2244.6,4
2021-10-03 18:32:11,2244.7,1
2021-10-03 18:32:11,2244.4,1
2021-10-03 18:32:12,2244.2,2
2021-10-03 18:32:12,2244.0,3
2021-10-03 18:32:12,2243.9,5
2021-10-03 18:32:12,2243.8,5
2021-10-03 18:32:12,2243.7,1
2021-10-03 18:32:12,2244.0,1
2021-10-03 18:32:12,2243.9,1
2021-10-03 18:32:12,2244.0,1
2021-10-03 18:32:12,2244.1,2
2021-10-03 18:32:13,2244.2,3
2021-10-03 18:32:13,2244.3,1
2021-10-03 18:32:13,2244.4,2
2021-10-03 18:32:15,2244.5,2
2021-10-03 18:32:18,2244.4,1
2021-10-03 18:32:19,2244.6,1
2021-10-03 18:32:24,2244.5,2
2021-10-03 18:32:26,2244.3,3
2021-10-03 18:32:26,2244.1,5
2021-10-03 18:32:26,2244.0,1
2021-10-03 18:32:28,2244.2,2
2021-10-03 18:32:29,2244.4,3
2021-10-03 18:32:29,2244.5,1
2021-10-03 18:32:31,2244.6,2
2021-10-03 18:32:31,2244.5,1
2021-10-03 18:32:32,2244.0,1
2021-10-03 18:32:37,2243.9,1
2021-10-03 18:32:40,2243.8,1
2021-10-03 18:32:40,2243.7,1
2021-10-03 18:32:45,2243.6,1
2021-10-03 18:32:45,2243.5,1
2021-10-03 18:32:46,2243.5,1
2021-10-03 18:32:46,2243.4,2
2021-10-03 18:32:46,2243.3,2
2021-10-03 18:32:46,2243.2,3
2021-10-03 18:32:46,2243.1,2
2021-10-03 18:32:46,2243.3,1
2021-10-03 18:32:46,2243.4,2
2021-10-03 18:32:47,2243.3,1
2021-10-03 18:32:47,2243.4,1
2021-10-03 18:32:48,2243.2,1
2021-10-03 18:32:51,2243.1,1
2021-10-03 18:32:57,2243.1,3
2021-10-03 18:32:57,2243.2,1
2021-10-03 18:33:00,2243.3,1
2021-10-03 18:33:07,2243.0,2
2021-10-03 18:33:08,2243.2,1
2021-10-03 18:33:10,2243.1,1
2021-10-03 18:33:21,2243.4,1
2021-10-03 18:33:22,2243.5,1
2021-10-03 18:33:24,2243.6,2
2021-10-03 18:33:24,2243.7,2
2021-10-03 18:33:37,2243.2,1
2021-10-03 18:33:40,2243.3,1
2021-10-03 18:33:42,2243.4,1
2021-10-03 18:33:45,2243.5,1
2021-10-03 18:33:46,2243.6,1
2021-10-03 18:33:50,2243.6,1
2021-10-03 18:33:53,2243.6,3
2021-10-03 18:33:58,2243.3,1
2021-10-03 18:34:12,2243.0,3
2021-10-03 18:34:13,2242.9,1
2021-10-03 18:34:13,2242.8,2
2021-10-03 18:34:20,2242.8,4
2021-10-03 18:34:25,2242.8,1
2021-10-03 18:34:31,2242.9,1
2021-10-03 18:34:34,2242.9,2
2021-10-03 18:34:38,2242.9,5
2021-10-03 18:34:39,2243.0,2
2021-10-03 18:34:51,2242.9,2
2021-10-03 18:34:51,2242.8,3
2021-10-03 18:35:02,2242.8,2
2021-10-03 18:35:04,2243.0,3
2021-10-03 18:35:04,2243.1,3
2021-10-03 18:35:12,2243.2,1
2021-10-03 18:35:27,2243.0,2
2021-10-03 18:35:38,2243.2,2
2021-10-03 18:35:40,2242.9,1
2021-10-03 18:35:55,2243.0,1
2021-10-03 18:35:58,2242.9,1
2021-10-03 18:36:03,2243.0,1
2021-10-03 18:36:07,2243.0,1
2021-10-03 18:36:16,2243.2,3
2021-10-03 18:37:05,2243.0,2
2021-10-03 18:37:05,2243.1,4
2021-10-03 18:37:05,2243.2,4
2021-10-03 18:37:05,2243.0,1
2021-10-03 18:37:06,2242.9,2
2021-10-03 18:37:12,2243.0,1
2021-10-03 18:37:20,2243.0,2
2021-10-03 18:37:20,2243.1,2
2021-10-03 18:37:28,2242.8,2
2021-10-03 18:37:32,2243.0,2
2021-10-03 18:37:56,2242.8,1
2021-10-03 18:37:59,2242.9,1
2021-10-03 18:37:59,2243.0,1
2021-10-03 18:37:59,2243.1,4
2021-10-03 18:38:00,2243.0,2
2021-10-03 18:38:05,2243.0,3
2021-10-03 18:38:18,2243.1,2
2021-10-03 18:38:18,2243.2,6
2021-10-03 18:38:23,2243.3,1
2021-10-03 18:38:26,2243.3,1
2021-10-03 18:38:53,2243.4,4
2021-10-03 18:38:53,2243.5,16
2021-10-03 18:38:53,2243.3,1
2021-10-03 18:38:53,2243.4,1
2021-10-03 18:39:01,2243.3,1
2021-10-03 18:39:09,2243.2,8
2021-10-03 18:39:11,2243.1,2
2021-10-03 18:39:15,2243.1,1
2021-10-03 18:39:18,2243.3,2
2021-10-03 18:39:19,2243.2,2
2021-10-03 18:39:19,2243.4,3
2021-10-03 18:39:19,2243.6,3
2021-10-03 18:39:34,2243.5,1
2021-10-03 18:39:46,2243.5,1
2021-10-03 18:39:46,2243.4,1
2021-10-03 18:39:46,2243.3,3
2021-10-03 18:39:46,2243.2,2
2021-10-03 18:39:46,2243.1,3
2021-10-03 18:39:53,2243.4,1
2021-10-03 18:39:56,2243.4,3
2021-10-03 18:39:56,2243.3,1
2021-10-03 18:40:01,2243.3,2
2021-10-03 18:40:12,2243.4,3
2021-10-03 18:40:12,2243.3,1
2021-10-03 18:40:17,2243.2,2
2021-10-03 18:40:21,2243.1,2
2021-10-03 18:40:27,2243.4,2
2021-10-03 18:40:31,2243.2,1
2021-10-03 18:40:31,2243.1,4
2021-10-03 18:40:31,2243.3,1
2021-10-03 18:40:32,2243.1,2
2021-10-03 18:40:33,2243.4,1
2021-10-03 18:40:35,2243.6,1
2021-10-03 18:40:36,2243.4,2
2021-10-03 18:40:55,2243.3,2
2021-10-03 18:40:56,2243.2,3
2021-10-03 18:41:00,2243.1,2
2021-10-03 18:41:00,2243.0,1
2021-10-03 18:41:00,2242.9,3
2021-10-03 18:41:00,2242.8,2
2021-10-03 18:41:02,2243.0,1
2021-10-03 18:41:03,2243.0,2
2021-10-03 18:41:04,2242.8,2
2021-10-03 18:41:08,2242.7,2
2021-10-03 18:41:08,2242.6,4
2021-10-03 18:41:08,2242.5,6
2021-10-03 18:41:08,2242.6,2
2021-10-03 18:41:08,2242.4,5
2021-10-03 18:41:09,2242.4,1
2021-10-03 18:41:10,2242.4,2
2021-10-03 18:41:10,2242.3,3
2021-10-03 18:41:11,2242.2,2
2021-10-03 18:41:11,2242.1,4
2021-10-03 18:41:11,2242.0,5
2021-10-03 18:41:11,2241.9,2
2021-10-03 18:41:14,2242.1,1
2021-10-03 18:41:24,2242.4,2
2021-10-03 18:41:24,2242.3,1
2021-10-03 18:41:25,2242.2,1
2021-10-03 18:41:31,2242.0,3
2021-10-03 18:41:35,2242.0,1
2021-10-03 18:41:39,2242.1,1
2021-10-03 18:41:41,2242.4,4
2021-10-03 18:41:44,2242.4,2
2021-10-03 18:41:55,2242.6,2
2021-10-03 18:41:55,2242.8,1
2021-10-03 18:42:02,2242.5,2
2021-10-03 18:42:02,2242.6,1
2021-10-03 18:42:04,2242.5,8
2021-10-03 18:42:04,2242.8,1
2021-10-03 18:42:05,2242.6,2
2021-10-03 18:42:05,2242.4,1
2021-10-03 18:42:05,2242.3,1
2021-10-03 18:42:05,2242.2,2
2021-10-03 18:42:05,2242.1,6
2021-10-03 18:42:05,2242.0,4
2021-10-03 18:42:05,2242.2,1
2021-10-03 18:42:05,2242.1,3
2021-10-03 18:42:05,2242.0,2
2021-10-03 18:42:06,2242.3,2
2021-10-03 18:42:06,2242.4,2
2021-10-03 18:42:18,2242.2,1
2021-10-03 18:42:47,2242.5,2
2021-10-03 18:42:51,2242.5,2
2021-10-03 18:42:54,2242.4,1
2021-10-03 18:43:06,2242.3,2
2021-10-03 18:43:16,2242.2,1
2021-10-03 18:43:16,2242.1,1
2021-10-03 18:43:22,2242.1,2
2021-10-03 18:43:22,2242.0,1
2021-10-03 18:43:22,2241.9,1
2021-10-03 18:43:22,2242.1,1
2021-10-03 18:43:25,2241.9,3
2021-10-03 18:43:25,2242.0,2
2021-10-03 18:43:31,2242.0,1
2021-10-03 18:43:36,2242.0,1
2021-10-03 18:43:36,2242.1,1
2021-10-03 18:43:39,2242.2,1
2021-10-03 18:43:49,2242.0,1
2021-10-03 18:43:49,2242.1,1
2021-10-03 18:43:51,2242.1,1
2021-10-03 18:43:53,2242.1,1
2021-10-03 18:43:54,2242.3,1
2021-10-03 18:43:56,2242.3,2
2021-10-03 18:43:58,2242.4,1
2021-10-03 18:43:58,2242.5,2
2021-10-03 18:44:00,2242.4,1
2021-10-03 18:44:12,2242.3,1
2021-10-03 18:44:12,2242.2,1
2021-10-03 18:44:19,2242.0,3
2021-10-03 18:44:26,2242.2,2
2021-10-03 18:44:37,2242.0,1
2021-10-03 18:44:41,2242.1,2
2021-10-03 18:44:41,2242.2,3
2021-10-03 18:44:42,2242.0,1
2021-10-03 18:44:47,2242.2,2
2021-10-03 18:44:55,2242.3,1
2021-10-03 18:45:00,2242.4,2
2021-10-03 18:45:00,2242.3,1
2021-10-03 18:45:00,2242.4,1
2021-10-03 18:45:01,2242.5,3
2021-10-03 18:45:03,2242.5,2
2021-10-03 18:45:03,2242.6,1
2021-10-03 18:45:03,2242.7,4
2021-10-03 18:45:10,2242.3,1
2021-10-03 18:45:18,2242.3,1
2021-10-03 18:45:20,2242.3,1
2021-10-03 18:45:25,2242.3,8
2021-10-03 18:45:35,2242.2,1
2021-10-03 18:45:50,2242.4,1
2021-10-03 18:46:03,2242.5,1
2021-10-03 18:46:09,2242.3,2
2021-10-03 18:46:21,2242.2,2
2021-10-03 18:46:33,2242.2,1
2021-10-03 18:46:36,2242.0,2
2021-10-03 18:46:43,2242.1,2
2021-10-03 18:46:43,2242.2,1
2021-10-03 18:46:50,2242.3,1
2021-10-03 18:46:50,2242.4,5
2021-10-03 18:46:50,2242.5,1
2021-10-03 18:47:01,2242.5,4
2021-10-03 18:47:14,2242.4,1
2021-10-03 18:47:17,2242.1,1
2021-10-03 18:47:25,2242.3,2
2021-10-03 18:47:26,2242.3,1
2021-10-03 18:47:30,2242.4,2
2021-10-03 18:47:30,2242.5,2
2021-10-03 18:47:32,2242.3,2
2021-10-03 18:47:32,2242.2,2
2021-10-03 18:47:35,2242.3,1
2021-10-03 18:47:35,2242.4,2
2021-10-03 18:47:42,2242.5,1
2021-10-03 18:47:43,2242.6,3
2021-10-03 18:47:45,2242.7,2
2021-10-03 18:47:46,2242.8,3
2021-10-03 18:47:46,2242.9,1
2021-10-03 18:48:16,2242.4,2
2021-10-03 18:48:26,2242.5,1
2021-10-03 18:48:33,2242.4,7
2021-10-03 18:49:03,2242.5,1
2021-10-03 18:49:15,2242.6,1
2021-10-03 18:49:24,2242.7,2
2021-10-03 18:49:30,2242.8,1
2021-10-03 18:49:32,2242.9,2
2021-10-03 18:49:36,2243.0,1
2021-10-03 18:49:42,2243.1,1
2021-10-03 18:49:43,2243.2,4
2021-10-03 18:49:46,2243.2,1
2021-10-03 18:49:46,2243.3,1
2021-10-03 18:49:48,2243.2,1
2021-10-03 18:49:53,2243.1,1
2021-10-03 18:49:53,2243.0,1
2021-10-03 18:49:57,2242.9,1
2021-10-03 18:49:59,2242.7,3
2021-10-03 18:50:00,2242.8,1
2021-10-03 18:50:00,2242.5,1
2021-10-03 18:50:01,2242.6,1
2021-10-03 18:50:02,2242.8,1
2021-10-03 18:50:07,2242.8,1
2021-10-03 18:50:12,2242.8,1
2021-10-03 18:50:12,2242.9,2
2021-10-03 18:50:17,2243.0,2
2021-10-03 18:50:20,2243.0,1
2021-10-03 18:50:21,2243.1,2
2021-10-03 18:50:21,2243.2,1
2021-10-03 18:50:21,2243.3,1
2021-10-03 18:50:31,2243.4,5
2021-10-03 18:50:31,2243.5,1
2021-10-03 18:50:31,2243.6,2
2021-10-03 18:50:31,2243.7,1
2021-10-03 18:50:31,2243.8,1
2021-10-03 18:50:31,2243.7,1
2021-10-03 18:50:32,2243.6,1
2021-10-03 18:50:32,2243.5,3
2021-10-03 18:50:35,2243.7,1
2021-10-03 18:50:41,2243.8,2
2021-10-03 18:50:42,2243.9,11
2021-10-03 18:50:42,2243.8,1
2021-10-03 18:50:42,2244.0,3
2021-10-03 18:50:42,2244.1,2
2021-10-03 18:50:42,2244.2,3
2021-10-03 18:50:42,2244.3,1
2021-10-03 18:50:43,2244.3,5
2021-10-03 18:50:43,2244.4,6
2021-10-03 18:50:43,2244.5,1
2021-10-03 18:50:43,2244.2,1
2021-10-03 18:50:47,2244.2,2
2021-10-03 18:50:48,2244.2,1
2021-10-03 18:50:48,2244.1,1
2021-10-03 18:50:49,2244.2,1
2021-10-03 18:50:50,2244.4,1
2021-10-03 18:50:51,2244.3,1
2021-10-03 18:50:51,2244.2,1
2021-10-03 18:50:51,2244.1,1
2021-10-03 18:50:55,2243.9,1
2021-10-03 18:50:58,2243.6,1
2021-10-03 18:50:58,2243.5,2
2021-10-03 18:50:58,2243.6,1
2021-10-03 18:51:00,2243.5,1
2021-10-03 18:51:00,2243.6,2
2021-10-03 18:51:01,2243.7,1
2021-10-03 18:51:01,2243.8,1
2021-10-03 18:51:07,2243.9,1
2021-10-03 18:51:09,2244.0,1
2021-10-03 18:51:12,2244.1,1
2021-10-03 18:51:19,2244.2,2
2021-10-03 18:51:24,2244.1,2
2021-10-03 18:51:25,2244.0,2
2021-10-03 18:51:25,2243.9,2
2021-10-03 18:51:26,2243.9,1
2021-10-03 18:51:28,2243.7,1
2021-10-03 18:51:31,2244.1,3
2021-10-03 18:51:31,2244.0,1
2021-10-03 18:51:33,2244.1,2
2021-10-03 18:51:33,2244.2,3
2021-10-03 18:51:34,2244.0,2
2021-10-03 18:51:38,2244.2,2
2021-10-03 18:51:51,2244.2,2
2021-10-03 18:51:51,2244.0,1
2021-10-03 18:51:56,2244.2,1
2021-10-03 18:51:56,2244.3,7
2021-10-03 18:51:56,2244.4,6
2021-10-03 18:52:05,2244.5,10
2021-10-03 18:52:05,2244.6,15
2021-10-03 18:52:06,2244.5,2
2021-10-03 18:52:07,2244.7,3
2021-10-03 18:52:09,2244.6,1
2021-10-03 18:52:09,2244.7,2
2021-10-03 18:52:09,2244.8,8
2021-10-03 18:52:10,2244.7,2
2021-10-03 18:52:13,2244.8,1
2021-10-03 18:52:14,2244.9,8
2021-10-03 18:52:16,2245.0,12
2021-10-03 18:52:16,2245.1,5
2021-10-03 18:52:17,2245.2,2
2021-10-03 18:52:18,2244.9,4
2021-10-03 18:52:25,2245.0,2
2021-10-03 18:52:31,2245.0,1
2021-10-03 18:52:32,2245.1,1
2021-10-03 18:52:32,2244.9,2
2021-10-03 18:52:33,2244.8,2
2021-10-03 18:52:47,2244.8,1
2021-10-03 18:52:48,2244.8,2
2021-10-03 18:52:54,2244.8,1
2021-10-03 18:52:58,2244.8,1
2021-10-03 18:53:00,2244.8,2
2021-10-03 18:53:04,2244.8,1
2021-10-03 18:53:12,2245.0,1
2021-10-03 18:53:18,2244.9,3
2021-10-03 18:53:24,2245.1,1
2021-10-03 18:53:26,2245.2,7
2021-10-03 18:53:26,2245.0,3
2021-10-03 18:53:31,2245.1,1
2021-10-03 18:53:32,2245.2,1
2021-10-03 18:53:32,2245.0,3
2021-10-03 18:53:34,2244.9,1
2021-10-03 18:53:34,2244.8,1
2021-10-03 18:53:40,2245.1,1
2021-10-03 18:53:42,2245.1,4
2021-10-03 18:53:43,2244.9,3
2021-10-03 18:53:45,2244.8,1
2021-10-03 18:53:46,2245.0,1
2021-10-03 18:53:53,2245.2,2
2021-10-03 18:53:55,2245.3,3
2021-10-03 18:53:55,2245.4,1
2021-10-03 18:53:56,2245.2,3
2021-10-03 18:53:57,2245.3,2
2021-10-03 18:53:58,2245.3,3
2021-10-03 18:53:58,2245.4,3
2021-10-03 18:53:58,2245.2,1
2021-10-03 18:54:00,2245.2,1
2021-10-03 18:54:06,2244.8,3
2021-10-03 18:54:12,2245.0,1
2021-10-03 18:54:20,2245.1,1
2021-10-03 18:54:25,2244.8,1
2021-10-03 18:54:25,2244.7,1
2021-10-03 18:54:33,2244.6,5
2021-10-03 18:54:33,2244.5,7
2021-10-03 18:54:40,2244.5,1
2021-10-03 18:54:41,2244.6,1
2021-10-03 18:54:56,2244.5,1
2021-10-03 18:55:00,2244.4,2
2021-10-03 18:55:04,2244.2,3
2021-10-03 18:55:07,2244.1,2
2021-10-03 18:55:12,2244.0,1
2021-10-03 18:55:17,2244.1,1
2021-10-03 18:55:19,2244.1,1
2021-10-03 18:55:25,2244.3,4
2021-10-03 18:55:29,2244.4,2
2021-10-03 18:55:31,2244.5,1
2021-10-03 18:55:31,2244.6,3
2021-10-03 18:55:31,2244.7,1
2021-10-03 18:55:32,2244.7,1
2021-10-03 18:55:32,2244.9,5
2021-10-03 18:55:32,2245.0,1
2021-10-03 18:55:32,2244.8,2
2021-10-03 18:55:37,2245.1,1
2021-10-03 18:55:39,2244.7,1
2021-10-03 18:55:40,2244.7,1
2021-10-03 18:55:52,2245.1,1
2021-10-03 18:55:58,2244.7,1
2021-10-03 18:56:03,2244.9,3
2021-10-03 18:56:05,2244.8,1
2021-10-03 18:56:12,2244.9,3
2021-10-03 18:56:13,2244.9,1
2021-10-03 18:56:19,2245.0,1
2021-10-03 18:56:20,2245.1,1
2021-10-03 18:56:22,2245.2,2
2021-10-03 18:56:26,2244.9,1
2021-10-03 18:56:29,2244.5,1
2021-10-03 18:56:44,2244.6,1
2021-10-03 18:56:54,2244.8,1
2021-10-03 18:56:56,2244.8,1
2021-10-03 18:57:01,2244.9,1
2021-10-03 18:57:07,2244.5,2
2021-10-03 18:57:11,2244.6,1
2021-10-03 18:57:15,2244.6,1
2021-10-03 18:57:20,2244.6,1
2021-10-03 18:57:32,2244.5,1
2021-10-03 18:57:34,2244.3,1
2021-10-03 18:57:34,2244.2,3
2021-10-03 18:57:36,2244.1,1
2021-10-03 18:57:36,2244.0,2
2021-10-03 18:57:42,2243.9,2
2021-10-03 18:57:42,2243.7,2
2021-10-03 18:57:45,2243.9,1
2021-10-03 18:57:47,2244.0,1
2021-10-03 18:57:49,2243.9,1
2021-10-03 18:57:53,2243.9,2
2021-10-03 18:57:58,2243.7,2
2021-10-03 18:58:02,2243.7,8
2021-10-03 18:58:03,2243.6,3
2021-10-03 18:58:04,2243.7,1
2021-10-03 18:58:04,2243.5,3
2021-10-03 18:58:20,2243.8,3
2021-10-03 18:58:26,2243.4,4
2021-10-03 18:58:26,2243.3,4
2021-10-03 18:58:26,2243.2,6
2021-10-03 18:58:26,2243.1,2
2021-10-03 18:58:26,2243.4,1
2021-10-03 18:58:29,2243.2,2
2021-10-03 18:58:32,2243.1,1
2021-10-03 18:58:34,2243.1,1
2021-10-03 18:58:39,2243.2,1
2021-10-03 18:58:40,2243.0,3
2021-10-03 18:58:40,2242.9,1
2021-10-03 18:58:41,2242.9,1
2021-10-03 18:58:44,2242.9,1
2021-10-03 18:58:50,2243.0,1
2021-10-03 18:58:50,2242.9,2
2021-10-03 18:58:50,2242.8,4
2021-10-03 18:58:51,2243.1,3
2021-10-03 18:58:51,2243.0,1
2021-10-03 18:58:55,2242.8,2
2021-10-03 18:59:01,2242.9,4
2021-10-03 18:59:03,2243.1,3
2021-10-03 18:59:03,2243.3,1
2021-10-03 18:59:03,2243.4,2
2021-10-03 18:59:03,2243.5,1
2021-10-03 18:59:05,2243.5,3
2021-10-03 18:59:05,2243.3,3
2021-10-03 18:59:05,2243.2,1
2021-10-03 18:59:09,2243.4,1
2021-10-03 18:59:11,2243.2,2
2021-10-03 18:59:14,2243.3,2
2021-10-03 18:59:19,2243.7,1
2021-10-03 18:59:20,2243.6,1
2021-10-03 18:59:22,2243.8,1
2021-10-03 18:59:22,2243.9,2
2021-10-03 18:59:22,2244.0,6
2021-10-03 18:59:23,2243.9,1
2021-10-03 18:59:26,2244.0,1
2021-10-03 18:59:28,2244.1,1
2021-10-03 18:59:34,2243.9,2
2021-10-03 18:59:34,2243.8,1
2021-10-03 18:59:34,2244.0,1
2021-10-03 18:59:41,2244.0,1
2021-10-03 18:59:42,2243.9,1
2021-10-03 18:59:43,2243.9,1
2021-10-03 18:59:45,2244.1,4
2021-10-03 18:59:45,2244.2,2
2021-10-03 18:59:45,2244.3,2
2021-10-03 18:59:45,2244.4,3
2021-10-03 18:59:49,2244.5,4
2021-10-03 18:59:53,2244.5,1
2021-10-03 18:59:56,2244.4,3
2021-10-03 18:59:56,2244.5,1
2021-10-03 18:59:57,2244.3,1
2021-10-03 18:59:57,2244.1,4
2021-10-03 18:59:59,2243.9,4
2021-10-03 19:00:02,2244.4,3
2021-10-03 19:00:02,2244.6,3
2021-10-03 19:00:02,2244.7,6
2021-10-03 19:00:03,2244.6,1
2021-10-03 19:00:07,2243.8,3
2021-10-03 19:00:11,2244.0,1
2021-10-03 19:00:15,2244.1,2
2021-10-03 19:00:18,2244.2,1
2021-10-03 19:00:18,2244.3,5
2021-10-03 19:00:18,2244.4,1
2021-10-03 19:00:26,2244.1,2
2021-10-03 19:00:35,2243.8,8
2021-10-03 19:00:36,2243.6,2
2021-10-03 19:00:37,2243.5,2
2021-10-03 19:00:39,2243.4,4
2021-10-03 19:00:43,2243.3,3
2021-10-03 19:00:44,2243.2,1
2021-10-03 19:00:44,2243.1,2
2021-10-03 19:00:44,2243.0,2
2021-10-03 19:00:48,2242.9,1
2021-10-03 19:00:49,2243.0,3
2021-10-03 19:00:51,2243.2,3
2021-10-03 19:00:53,2243.0,1
2021-10-03 19:00:55,2243.0,1
2021-10-03 19:00:56,2243.1,2
2021-10-03 19:00:58,2243.1,2
2021-10-03 19:01:02,2243.3,1
2021-10-03 19:01:02,2243.4,1
2021-10-03 19:01:02,2243.5,6
2021-10-03 19:01:14,2243.6,1
2021-10-03 19:01:15,2243.7,1
2021-10-03 19:01:25,2243.6,1
2021-10-03 19:01:34,2243.5,1
2021-10-03 19:01:35,2243.3,1
2021-10-03 19:01:37,2243.0,1
2021-10-03 19:01:42,2243.3,1
2021-10-03 19:01:42,2243.4,1
2021-10-03 19:02:00,2243.0,1
2021-10-03 19:02:02,2243.2,1
2021-10-03 19:02:06,2243.3,2
2021-10-03 19:02:12,2243.3,1
2021-10-03 19:02:18,2243.2,2
2021-10-03 19:02:18,2243.4,1
2021-10-03 19:02:37,2243.2,2
2021-10-03 19:02:41,2243.4,1
2021-10-03 19:03:03,2243.5,1
2021-10-03 19:03:03,2243.6,4
2021-10-03 19:03:17,2243.3,2
2021-10-03 19:03:19,2243.1,1
2021-10-03 19:03:19,2243.0,2
2021-10-03 19:03:19,2242.9,3
2021-10-03 19:03:19,2242.8,7
2021-10-03 19:03:19,2243.0,1
2021-10-03 19:03:23,2243.1,1
2021-10-03 19:03:23,2243.2,1
2021-10-03 19:03:32,2242.9,1
2021-10-03 19:03:33,2242.9,1
2021-10-03 19:03:33,2242.8,4
2021-10-03 19:03:33,2242.7,7
2021-10-03 19:03:34,2242.6,2
2021-10-03 19:03:35,2242.7,2
2021-10-03 19:03:36,2242.6,1
2021-10-03 19:03:38,2242.7,1
2021-10-03 19:03:42,2242.5,6
2021-10-03 19:03:46,2242.3,4
2021-10-03 19:03:47,2242.6,1
2021-10-03 19:03:47,2242.7,2
2021-10-03 19:03:51,2242.7,1
2021-10-03 19:03:53,2242.9,2
2021-10-03 19:03:56,2243.0,1
2021-10-03 19:04:03,2242.7,1
2021-10-03 19:05:14,2242.5,1
2021-10-03 19:05:16,2242.4,1
2021-10-03 19:05:16,2242.3,1
2021-10-03 19:05:16,2242.2,1
2021-10-03 19:05:24,2242.4,2
2021-10-03 19:05:29,2242.5,3
2021-10-03 19:05:29,2242.6,1
2021-10-03 19:05:29,2242.7,2
2021-10-03 19:05:30,2242.8,1
2021-10-03 19:05:30,2242.9,3
2021-10-03 19:05:31,2242.8,2
2021-10-03 19:05:31,2243.0,2
2021-10-03 19:05:45,2242.8,1
2021-10-03 19:05:46,2242.5,4
2021-10-03 19:05:49,2242.5,2
2021-10-03 19:05:51,2242.5,1
2021-10-03 19:05:51,2242.7,1
2021-10-03 19:05:54,2242.6,1
2021-10-03 19:05:54,2242.7,1
2021-10-03 19:06:17,2242.5,1
2021-10-03 19:06:26,2242.9,1
2021-10-03 19:06:34,2242.7,1
2021-10-03 19:06:42,2242.6,1
2021-10-03 19:06:45,2242.6,1
2021-10-03 19:07:00,2242.6,3
2021-10-03 19:07:04,2242.8,2
2021-10-03 19:07:13,2242.8,1
2021-10-03 19:07:21,2242.8,1
2021-10-03 19:07:27,2242.9,2
2021-10-03 19:07:54,2243.0,1
2021-10-03 19:08:07,2243.0,3
2021-10-03 19:08:17,2243.1,1
2021-10-03 19:08:29,2243.2,3
2021-10-03 19:08:38,2243.2,1
2021-10-03 19:08:38,2243.1,3
2021-10-03 19:08:38,2243.0,1
2021-10-03 19:08:38,2242.9,1
2021-10-03 19:08:40,2242.8,1
2021-10-03 19:09:27,2243.6,3
2021-10-03 19:09:27,2243.7,1
2021-10-03 19:09:28,2243.7,1
2021-10-03 19:09:29,2243.7,2
2021-10-03 19:09:30,2243.8,3
2021-10-03 19:09:31,2243.7,2
2021-10-03 19:09:31,2243.9,2
2021-10-03 19:09:32,2244.0,2
2021-10-03 19:09:33,2244.1,2
2021-10-03 19:09:33,2243.9,1
2021-10-03 19:09:36,2243.8,1
2021-10-03 19:09:36,2243.7,2
2021-10-03 19:09:37,2243.9,1
2021-10-03 19:09:38,2243.9,1
2021-10-03 19:09:39,2243.9,1
2021-10-03 19:09:41,2244.0,1
2021-10-03 19:09:44,2244.0,2
2021-10-03 19:09:44,2244.1,2
2021-10-03 19:09:49,2244.1,2
2021-10-03 19:09:55,2244.2,3
2021-10-03 19:09:57,2244.2,2
2021-10-03 19:10:03,2244.4,2
2021-10-03 19:10:04,2244.1,1
2021-10-03 19:10:06,2244.1,2
2021-10-03 19:10:07,2244.2,2
2021-10-03 19:10:10,2243.9,1
2021-10-03 19:10:19,2243.9,6
2021-10-03 19:10:20,2244.0,1
2021-10-03 19:10:21,2243.9,1
2021-10-03 19:10:23,2243.8,10
2021-10-03 19:10:26,2243.9,1
2021-10-03 19:10:32,2243.7,7
2021-10-03 19:10:35,2243.6,4
2021-10-03 19:10:41,2243.6,1
2021-10-03 19:10:45,2243.5,2
2021-10-03 19:10:45,2243.8,1
2021-10-03 19:10:51,2243.5,2
2021-10-03 19:10:51,2243.4,2
2021-10-03 19:11:04,2243.3,3
2021-10-03 19:11:17,2243.3,1
2021-10-03 19:11:18,2243.3,3
2021-10-03 19:11:21,2243.2,2
2021-10-03 19:11:30,2243.2,2
2021-10-03 19:11:39,2243.5,2
2021-10-03 19:11:39,2243.6,3
2021-10-03 19:11:40,2243.8,3
2021-10-03 19:11:42,2243.9,2
2021-10-03 19:11:49,2243.7,1
2021-10-03 19:12:02,2244.1,2
2021-10-03 19:12:04,2244.2,2
2021-10-03 19:12:12,2244.4,3
2021-10-03 19:12:16,2244.3,3
2021-10-03 19:12:17,2244.4,1
2021-10-03 19:12:33,2244.1,1
2021-10-03 19:12:49,2244.2,1
2021-10-03 19:12:49,2244.3,2
2021-10-03 19:12:54,2244.0,3
2021-10-03 19:12:56,2243.9,1
2021-10-03 19:13:06,2244.0,1
2021-10-03 19:13:11,2243.8,1
2021-10-03 19:13:30,2243.8,1
2021-10-03 19:13:47,2244.0,1
2021-10-03 19:14:06,2243.8,1
2021-10-03 19:14:30,2243.8,1
2021-10-03 19:14:52,2243.8,2
2021-10-03 19:14:59,2244.0,2
2021-10-03 19:15:13,2243.9,1
2021-10-03 19:15:15,2243.8,1
2021-10-03 19:15:17,2243.9,2
2021-10-03 19:15:17,2244.0,1
2021-10-03 19:15:17,2244.1,1
2021-10-03 19:15:38,2244.5,3
2021-10-03 19:15:39,2244.2,2
2021-10-03 19:15:52,2244.1,1
2021-10-03 19:16:01,2244.0,1
2021-10-03 19:16:11,2243.8,1
2021-10-03 19:16:23,2244.2,2
2021-10-03 19:16:23,2244.3,1
2021-10-03 19:16:37,2244.3,3
2021-10-03 19:16:40,2244.1,1
2021-10-03 19:17:02,2244.2,1
2021-10-03 19:17:03,2244.0,2
2021-10-03 19:17:11,2244.1,1
2021-10-03 19:17:15,2243.7,1
2021-10-03 19:17:34,2243.9,1
2021-10-03 19:17:38,2243.7,1
2021-10-03 19:17:57,2243.6,2
2021-10-03 19:17:58,2243.7,1
2021-10-03 19:18:08,2243.8,1
2021-10-03 19:18:25,2244.0,1
2021-10-03 19:18:27,2244.0,2
2021-10-03 19:19:08,2243.7,1
2021-10-03 19:19:17,2243.5,1
2021-10-03 19:19:34,2243.5,1
2021-10-03 19:19:34,2243.6,2
2021-10-03 19:19:34,2243.5,3
2021-10-03 19:19:34,2243.4,1
2021-10-03 19:19:36,2243.3,3
2021-10-03 19:19:36,2243.2,1
2021-10-03 19:19:37,2243.3,1
2021-10-03 19:19:40,2243.4,1
2021-10-03 19:19:42,2243.3,3
2021-10-03 19:19:43,2243.2,1
2021-10-03 19:19:44,2243.1,1
2021-10-03 19:19:44,2243.0,3
2021-10-03 19:19:45,2242.9,2
2021-10-03 19:19:46,2243.1,2
2021-10-03 19:19:53,2243.2,1
2021-10-03 19:19:55,2243.1,1
2021-10-03 19:20:00,2243.0,4
2021-10-03 19:20:02,2243.1,1
2021-10-03 19:20:02,2243.2,2
2021-10-03 19:20:06,2243.0,3
2021-10-03 19:20:08,2243.1,1
2021-10-03 19:20:10,2243.2,2
2021-10-03 19:20:15,2243.2,1
2021-10-03 19:20:29,2243.4,1
2021-10-03 19:20:40,2243.6,1
2021-10-03 19:20:41,2243.4,2
2021-10-03 19:20:44,2243.3,1
2021-10-03 19:21:01,2243.2,3
2021-10-03 19:21:01,2243.1,1
2021-10-03 19:21:11,2243.0,2
2021-10-03 19:21:12,2243.1,2
2021-10-03 19:21:52,2243.1,1
2021-10-03 19:22:10,2243.4,1
2021-10-03 19:22:28,2243.2,3
2021-10-03 19:22:28,2243.1,2
2021-10-03 19:23:14,2243.4,1
2021-10-03 19:23:20,2243.3,2
2021-10-03 19:23:58,2243.2,2
2021-10-03 19:24:14,2243.3,1
2021-10-03 19:25:07,2243.6,1
2021-10-03 19:25:17,2243.6,1
2021-10-03 19:26:26,2243.8,1
2021-10-03 19:26:27,2243.5,1
2021-10-03 19:27:26,2243.9,1
2021-10-03 19:27:28,2244.0,1
2021-10-03 19:27:36,2243.7,1
2021-10-03 19:28:01,2244.1,4
2021-10-03 19:28:05,2244.2,2
2021-10-03 19:28:05,2244.3,1
2021-10-03 19:28:05,2244.2,1
2021-10-03 19:28:16,2244.3,1
2021-10-03 19:28:34,2244.3,1
2021-10-03 19:28:40,2244.0,2
2021-10-03 19:28:59,2244.4,2
2021-10-03 19:29:04,2244.5,9
2021-10-03 19:29:09,2244.6,1
2021-10-03 19:29:11,2244.6,1
2021-10-03 19:29:14,2244.7,1
2021-10-03 19:29:17,2244.4,2
2021-10-03 19:29:19,2244.3,3
2021-10-03 19:29:20,2244.4,1
2021-10-03 19:29:22,2244.2,4
2021-10-03 19:29:22,2244.1,6
2021-10-03 19:29:24,2244.1,1
2021-10-03 19:29:28,2244.1,18
2021-10-03 19:29:29,2244.1,1
2021-10-03 19:29:32,2244.1,1
2021-10-03 19:29:33,2244.1,1
2021-10-03 19:29:40,2244.5,1
2021-10-03 19:29:49,2244.2,1
2021-10-03 19:29:50,2244.1,2
2021-10-03 19:29:55,2244.0,3
2021-10-03 19:29:57,2244.1,1
2021-10-03 19:30:01,2244.4,1
2021-10-03 19:30:07,2244.6,2
2021-10-03 19:30:08,2244.8,11
2021-10-03 19:30:08,2244.9,1
2021-10-03 19:30:08,2245.0,2
2021-10-03 19:30:09,2244.9,2
2021-10-03 19:30:09,2245.0,5
2021-10-03 19:30:15,2244.8,1
2021-10-03 19:30:17,2245.0,4
2021-10-03 19:30:18,2245.0,2
2021-10-03 19:30:22,2244.9,1
2021-10-03 19:30:39,2244.8,2
2021-10-03 19:30:48,2244.3,2
2021-10-03 19:30:48,2244.2,1
2021-10-03 19:30:48,2244.3,1
2021-10-03 19:30:54,2244.2,3
2021-10-03 19:30:54,2244.1,6
2021-10-03 19:30:54,2244.0,5
2021-10-03 19:30:58,2244.2,1
2021-10-03 19:31:01,2244.4,1
2021-10-03 19:31:07,2244.2,1
2021-10-03 19:31:18,2244.3,2
2021-10-03 19:31:25,2244.4,3
2021-10-03 19:31:26,2244.4,1
2021-10-03 19:31:29,2244.5,2
2021-10-03 19:31:29,2244.4,2
2021-10-03 19:31:35,2244.8,1
2021-10-03 19:31:36,2244.9,1
2021-10-03 19:31:42,2244.9,1
2021-10-03 19:31:47,2244.7,1
2021-10-03 19:31:53,2244.7,1
2021-10-03 19:32:01,2244.8,1
2021-10-03 19:32:17,2245.0,2
2021-10-03 19:32:20,2245.0,2
2021-10-03 19:32:21,2244.8,1
2021-10-03 19:32:22,2244.7,2
2021-10-03 19:32:22,2244.6,5
2021-10-03 19:32:22,2244.5,3
2021-10-03 19:32:25,2244.8,2
2021-10-03 19:32:41,2244.8,2
2021-10-03 19:32:55,2244.6,1
2021-10-03 19:32:55,2244.7,1
2021-10-03 19:33:02,2244.4,1
2021-10-03 19:33:07,2244.1,2
2021-10-03 19:33:09,2244.0,1
2021-10-03 19:33:11,2243.7,1
2021-10-03 19:33:15,2243.8,2
2021-10-03 19:33:16,2243.8,2
2021-10-03 19:33:16,2244.0,2
2021-10-03 19:33:17,2244.1,1
2021-10-03 19:33:33,2243.8,1
2021-10-03 19:33:38,2243.6,4
2021-10-03 19:33:39,2243.5,2
2021-10-03 19:33:39,2243.4,6
2021-10-03 19:33:40,2243.3,2
2021-10-03 19:33:40,2243.2,6
2021-10-03 19:33:41,2243.1,7
2021-10-03 19:33:47,2243.3,1
2021-10-03 19:33:57,2243.5,2
2021-10-03 19:34:11,2243.5,2
2021-10-03 19:34:16,2243.5,1
2021-10-03 19:34:29,2243.3,1
2021-10-03 19:34:30,2243.2,2
2021-10-03 19:34:35,2243.0,4
2021-10-03 19:34:45,2243.1,2
2021-10-03 19:34:55,2243.1,3
2021-10-03 19:34:55,2243.0,11
2021-10-03 19:35:02,2243.0,1
2021-10-03 19:35:02,2243.1,1
2021-10-03 19:35:04,2243.2,1
2021-10-03 19:35:04,2243.3,3
2021-10-03 19:35:24,2243.3,1
2021-10-03 19:35:25,2243.3,1
2021-10-03 19:35:47,2243.7,3
2021-10-03 19:35:59,2243.9,3
2021-10-03 19:36:26,2243.7,1
2021-10-03 19:36:29,2243.6,1
2021-10-03 19:36:41,2243.5,1
2021-10-03 19:36:52,2243.6,2
2021-10-03 19:36:57,2243.7,2
2021-10-03 19:36:57,2243.8,2
2021-10-03 19:38:00,2243.8,1
2021-10-03 19:38:02,2244.0,2
2021-10-03 19:38:08,2243.9,1
2021-10-03 19:38:10,2244.0,1
2021-10-03 19:38:16,2244.1,2
2021-10-03 19:38:19,2244.4,2
2021-10-03 19:38:20,2244.5,3
2021-10-03 19:38:20,2244.6,3
2021-10-03 19:38:23,2244.7,2
2021-10-03 19:38:28,2244.5,2
2021-10-03 19:38:28,2244.4,1
2021-10-03 19:38:34,2244.7,2
2021-10-03 19:38:38,2244.5,3
2021-10-03 19:38:54,2244.8,2
2021-10-03 19:38:57,2244.6,1
2021-10-03 19:39:00,2244.6,1
2021-10-03 19:39:18,2244.7,1
2021-10-03 19:39:21,2244.8,2
2021-10-03 19:39:24,2244.6,1
2021-10-03 19:39:39,2244.4,1
2021-10-03 19:39:51,2244.2,1
2021-10-03 19:39:54,2244.5,2
2021-10-03 19:40:02,2244.5,2
2021-10-03 19:40:08,2244.6,2
2021-10-03 19:40:23,2244.5,1
2021-10-03 19:40:47,2244.6,2
2021-10-03 19:41:09,2244.7,1
2021-10-03 19:41:26,2244.9,2
2021-10-03 19:41:34,2244.7,1
2021-10-03 19:41:35,2244.6,1
2021-10-03 19:41:41,2244.5,1
2021-10-03 19:41:49,2244.5,2
2021-10-03 19:41:59,2244.5,1
2021-10-03 19:41:59,2244.3,1
2021-10-03 19:42:14,2244.6,1
2021-10-03 19:42:15,2244.5,2
2021-10-03 19:42:15,2244.4,1
2021-10-03 19:42:46,2244.4,2
2021-10-03 19:42:50,2244.6,1
2021-10-03 19:43:08,2244.3,1
2021-10-03 19:43:08,2244.2,2
2021-10-03 19:43:18,2244.5,2
2021-10-03 19:43:20,2244.5,2
2021-10-03 19:43:29,2244.5,2
2021-10-03 19:43:37,2244.6,1
2021-10-03 19:44:02,2244.1,3
2021-10-03 19:44:10,2244.0,2
2021-10-03 19:44:17,2243.8,1
2021-10-03 19:44:17,2243.6,3
2021-10-03 19:44:20,2243.6,1
2021-10-03 19:44:22,2243.8,1
2021-10-03 19:44:36,2243.8,2
2021-10-03 19:44:36,2243.7,1
2021-10-03 19:44:36,2243.8,1
2021-10-03 19:44:37,2243.8,1
2021-10-03 19:44:39,2243.9,3
2021-10-03 19:44:48,2243.9,1
2021-10-03 19:44:50,2244.0,2
2021-10-03 19:44:52,2243.7,2
2021-10-03 19:44:57,2243.7,42
2021-10-03 19:44:58,2243.7,58
2021-10-03 19:44:59,2243.7,2
2021-10-03 19:45:01,2243.6,1
2021-10-03 19:45:01,2243.4,2
2021-10-03 19:45:01,2243.1,2
2021-10-03 19:45:01,2242.9,1
2021-10-03 19:45:01,2242.8,1
2021-10-03 19:45:06,2243.0,2
2021-10-03 19:45:06,2242.6,2
2021-10-03 19:45:06,2242.8,2
2021-10-03 19:45:08,2242.5,5
2021-10-03 19:45:08,2242.4,5
2021-10-03 19:45:08,2242.3,1
2021-10-03 19:45:09,2242.2,1
2021-10-03 19:45:10,2242.1,3
2021-10-03 19:45:10,2242.0,1
2021-10-03 19:45:10,2241.8,6
2021-10-03 19:45:10,2241.7,3
2021-10-03 19:45:10,2241.9,1
2021-10-03 19:45:10,2242.0,1
2021-10-03 19:45:10,2241.9,2
2021-10-03 19:45:10,2242.0,1
2021-10-03 19:45:10,2242.2,3
2021-10-03 19:45:11,2242.2,1
2021-10-03 19:45:12,2242.0,2
2021-10-03 19:45:12,2241.9,1
2021-10-03 19:45:12,2241.8,2
2021-10-03 19:45:13,2241.9,1
2021-10-03 19:45:14,2241.7,1
2021-10-03 19:45:15,2241.8,1
2021-10-03 19:45:17,2241.8,1
2021-10-03 19:45:18,2242.1,3
2021-10-03 19:45:20,2242.5,2
2021-10-03 19:45:24,2242.3,1
2021-10-03 19:45:27,2242.5,2
2021-10-03 19:45:29,2242.6,2
2021-10-03 19:45:29,2242.5,3
2021-10-03 19:45:29,2242.4,1
2021-10-03 19:45:30,2242.5,2
2021-10-03 19:45:33,2242.3,1
2021-10-03 19:45:33,2242.2,1
2021-10-03 19:45:35,2242.3,1
2021-10-03 19:45:35,2242.4,2
2021-10-03 19:45:37,2242.4,1
2021-10-03 19:45:39,2242.3,1
2021-10-03 19:45:41,2242.2,2
2021-10-03 19:45:41,2242.1,1
2021-10-03 19:45:43,2242.5,1
2021-10-03 19:45:43,2242.6,1
2021-10-03 19:45:44,2242.8,2
2021-10-03 19:45:44,2242.7,2
2021-10-03 19:45:49,2242.7,1
2021-10-03 19:46:00,2242.6,1
2021-10-03 19:46:04,2242.6,1
2021-10-03 19:46:09,2242.5,3
2021-10-03 19:46:11,2242.6,2
2021-10-03 19:46:23,2242.7,2
2021-10-03 19:46:33,2242.5,1
2021-10-03 19:46:34,2242.7,1
2021-10-03 19:46:35,2242.7,1
2021-10-03 19:46:36,2242.8,1
2021-10-03 19:46:36,2242.9,2
2021-10-03 19:46:57,2242.9,2
2021-10-03 19:46:57,2243.0,1
2021-10-03 19:47:06,2243.0,1
2021-10-03 19:47:13,2243.1,1
2021-10-03 19:47:32,2243.2,2
2021-10-03 19:47:33,2243.3,2
2021-10-03 19:47:34,2243.2,1
2021-10-03 19:47:59,2243.2,1
2021-10-03 19:47:59,2243.3,2
2021-10-03 19:48:06,2243.1,2
2021-10-03 19:48:10,2243.3,1
2021-10-03 19:48:13,2243.3,1
2021-10-03 19:48:13,2243.4,3
2021-10-03 19:48:14,2243.1,2
2021-10-03 19:48:20,2243.1,1
2021-10-03 19:48:24,2242.9,1
2021-10-03 19:48:29,2242.7,1
2021-10-03 19:48:34,2242.7,1
2021-10-03 19:48:37,2242.5,3
2021-10-03 19:48:44,2242.4,2
2021-10-03 19:48:45,2242.5,1
2021-10-03 19:48:52,2242.5,1
2021-10-03 19:48:59,2242.5,1
2021-10-03 19:49:01,2242.4,1
2021-10-03 19:49:01,2242.3,1
2021-10-03 19:49:01,2242.2,2
2021-10-03 19:49:02,2242.2,1
2021-10-03 19:49:03,2242.3,2
2021-10-03 19:49:05,2242.1,1
2021-10-03 19:49:09,2242.3,1
2021-10-03 19:49:10,2242.2,1
2021-10-03 19:49:10,2242.1,1
2021-10-03 19:49:18,2242.0,2
2021-10-03 19:49:20,2241.7,1
2021-10-03 19:49:20,2242.0,1
2021-10-03 19:49:25,2241.8,1
2021-10-03 19:49:30,2242.0,2
2021-10-03 19:49:33,2241.9,3
2021-10-03 19:49:33,2241.8,4
2021-10-03 19:49:34,2242.1,1
2021-10-03 19:49:39,2242.2,4
2021-10-03 19:49:47,2242.3,2
2021-10-03 19:49:50,2242.3,1
2021-10-03 19:49:50,2242.4,6
2021-10-03 19:49:53,2242.6,1
2021-10-03 19:49:53,2242.7,4
2021-10-03 19:49:53,2242.8,2
2021-10-03 19:49:54,2242.7,1
2021-10-03 19:49:55,2242.5,1
2021-10-03 19:49:58,2242.6,2
2021-10-03 19:50:00,2242.5,1
2021-10-03 19:50:04,2242.4,1
2021-10-03 19:50:06,2242.5,1
2021-10-03 19:50:15,2242.2,1
2021-10-03 19:50:15,2242.3,1
2021-10-03 19:50:16,2242.3,3
2021-10-03 19:50:16,2242.4,1
2021-10-03 19:50:28,2242.4,1
2021-10-03 19:50:30,2242.8,1
2021-10-03 19:51:00,2242.7,2
2021-10-03 19:51:03,2242.9,2
2021-10-03 19:51:03,2243.0,6
2021-10-03 19:51:30,2242.8,1
2021-10-03 19:51:37,2242.7,1
2021-10-03 19:51:53,2242.7,3
2021-10-03 19:51:53,2242.6,2
2021-10-03 19:51:57,2242.6,1
2021-10-03 19:51:58,2242.5,1
2021-10-03 19:51:59,2242.6,1
2021-10-03 19:52:10,2242.5,1
2021-10-03 19:52:15,2242.1,2
2021-10-03 19:52:16,2242.3,1
2021-10-03 19:52:26,2242.1,3
2021-10-03 19:52:26,2242.2,3
2021-10-03 19:52:31,2242.2,1
2021-10-03 19:52:31,2242.3,2
2021-10-03 19:52:32,2242.3,1
2021-10-03 19:52:33,2242.4,1
2021-10-03 19:52:34,2242.6,1
2021-10-03 19:52:37,2242.6,2
2021-10-03 19:52:52,2242.8,1
2021-10-03 19:53:39,2243.0,1
2021-10-03 19:53:39,2243.1,2
2021-10-03 19:53:39,2243.2,3
2021-10-03 19:53:41,2243.0,1
2021-10-03 19:53:45,2243.1,1
2021-10-03 19:53:45,2242.9,1
2021-10-03 19:53:51,2242.8,1
2021-10-03 19:53:51,2242.9,2
2021-10-03 19:53:56,2242.7,1
2021-10-03 19:54:04,2243.0,1
2021-10-03 19:54:07,2242.9,1
2021-10-03 19:54:22,2243.1,1
2021-10-03 19:54:22,2243.0,1
2021-10-03 19:54:26,2243.2,1
2021-10-03 19:54:39,2242.9,1
2021-10-03 19:54:42,2242.8,1
2021-10-03 19:54:44,2242.8,2
2021-10-03 19:55:00,2242.9,1
2021-10-03 19:55:16,2243.1,1
2021-10-03 19:55:17,2243.2,2
2021-10-03 19:55:24,2243.1,1
2021-10-03 19:55:27,2243.1,2
2021-10-03 19:56:01,2243.0,2
2021-10-03 19:56:02,2242.9,2
2021-10-03 19:56:11,2243.1,2
2021-10-03 19:56:11,2243.2,3
2021-10-03 19:56:12,2243.0,2
2021-10-03 19:56:17,2242.9,2
2021-10-03 19:56:17,2243.0,1
2021-10-03 19:56:17,2243.1,3
2021-10-03 19:56:17,2243.0,1
2021-10-03 19:56:17,2243.1,3
2021-10-03 19:56:22,2243.3,1
2021-10-03 19:56:22,2243.4,2
2021-10-03 19:56:22,2243.5,4
2021-10-03 19:56:22,2243.6,7
2021-10-03 19:56:22,2243.7,6
2021-10-03 19:56:22,2243.8,1
2021-10-03 19:56:24,2243.3,2
2021-10-03 19:56:24,2243.2,5
2021-10-03 19:56:27,2243.1,1
2021-10-03 19:56:29,2243.0,1
2021-10-03 19:56:32,2242.9,1
2021-10-03 19:56:32,2243.0,1
2021-10-03 19:56:35,2243.2,1
2021-10-03 19:56:41,2243.3,1
2021-10-03 19:56:54,2243.4,1
2021-10-03 19:56:56,2243.3,1
2021-10-03 19:56:56,2243.4,2
2021-10-03 19:57:07,2243.1,1
2021-10-03 19:57:07,2242.8,1
2021-10-03 19:57:07,2242.9,1
2021-10-03 19:57:13,2243.1,2
2021-10-03 19:57:21,2243.1,1
2021-10-03 19:57:45,2243.5,1
2021-10-03 19:58:03,2243.1,2
2021-10-03 19:58:06,2243.0,3
2021-10-03 19:58:06,2242.9,1
2021-10-03 19:58:08,2243.1,1
2021-10-03 19:58:11,2242.9,1
2021-10-03 19:59:17,2243.5,1
2021-10-03 19:59:37,2243.3,2
2021-10-03 19:59:38,2243.1,1
2021-10-03 19:59:42,2243.0,5
2021-10-03 19:59:42,2242.9,1
2021-10-03 19:59:53,2242.8,2
2021-10-03 19:59:53,2242.7,3
2021-10-03 19:59:53,2242.6,2
2021-10-03 19:59:56,2242.7,2
2021-10-03 20:00:00,2243.0,2
2021-10-03 20:00:00,2242.6,1
2021-10-03 20:00:01,2242.5,2
2021-10-03 20:00:01,2242.7,1
2021-10-03 20:00:01,2242.4,2
2021-10-03 20:00:02,2242.4,1
2021-10-03 20:00:06,2242.6,1
2021-10-03 20:00:08,2242.8,1
2021-10-03 20:00:10,2242.9,1
2021-10-03 20:00:12,2242.8,1
2021-10-03 20:00:13,2242.8,2
2021-10-03 20:00:14,2242.8,2
2021-10-03 20:00:16,2242.6,3
2021-10-03 20:00:16,2242.5,1
2021-10-03 20:00:18,2242.4,2
2021-10-03 20:00:20,2242.5,1
2021-10-03 20:00:25,2242.7,2
2021-10-03 20:00:32,2242.8,1
2021-10-03 20:00:38,2243.2,1
2021-10-03 20:00:38,2243.3,1
2021-10-03 20:00:38,2243.2,2
2021-10-03 20:00:53,2242.7,2
2021-10-03 20:00:56,2242.8,1
2021-10-03 20:00:56,2242.9,1
2021-10-03 20:01:02,2242.6,1
2021-10-03 20:01:03,2242.3,2
2021-10-03 20:01:03,2242.2,2
2021-10-03 20:01:06,2241.9,1
2021-10-03 20:01:12,2242.3,2
2021-10-03 20:01:13,2242.1,4
2021-10-03 20:01:14,2242.1,1
2021-10-03 20:01:15,2242.0,1
2021-10-03 20:01:19,2241.8,1
2021-10-03 20:01:19,2241.9,6
2021-10-03 20:01:22,2241.8,4
2021-10-03 20:01:23,2241.8,1
2021-10-03 20:01:23,2241.9,3
2021-10-03 20:01:23,2241.8,3
2021-10-03 20:01:23,2241.9,1
2021-10-03 20:01:23,2241.7,1
2021-10-03 20:01:23,2241.6,1
2021-10-03 20:01:23,2241.5,3
2021-10-03 20:01:24,2241.5,1
2021-10-03 20:01:24,2241.4,1
2021-10-03 20:01:24,2241.3,2
2021-10-03 20:01:24,2241.5,2
2021-10-03 20:01:24,2241.4,2
2021-10-03 20:01:28,2241.3,1
2021-10-03 20:01:29,2241.4,1
2021-10-03 20:01:35,2241.2,5
2021-10-03 20:01:35,2241.0,7
2021-10-03 20:01:35,2240.8,5
2021-10-03 20:01:36,2240.9,4
2021-10-03 20:01:38,2241.1,5
2021-10-03 20:01:38,2241.2,2
2021-10-03 20:01:40,2240.8,1
2021-10-03 20:01:41,2240.9,1
2021-10-03 20:01:41,2241.0,1
2021-10-03 20:01:42,2240.8,1
2021-10-03 20:01:42,2240.7,2
2021-10-03 20:01:44,2240.5,1
2021-10-03 20:01:45,2240.8,3
2021-10-03 20:01:54,2240.9,1
2021-10-03 20:01:54,2241.0,1
2021-10-03 20:01:54,2241.1,1
2021-10-03 20:01:54,2240.9,1
2021-10-03 20:01:54,2241.1,3
2021-10-03 20:01:57,2241.2,1
2021-10-03 20:01:58,2241.0,1
2021-10-03 20:02:01,2240.6,3
2021-10-03 20:02:03,2240.8,1
2021-10-03 20:02:03,2240.9,1
2021-10-03 20:02:04,2240.7,1
2021-10-03 20:02:05,2240.6,2
2021-10-03 20:02:06,2240.7,1
2021-10-03 20:02:07,2240.7,1
2021-10-03 20:02:08,2240.6,1
2021-10-03 20:02:09,2240.9,8
2021-10-03 20:02:09,2241.0,4
2021-10-03 20:02:15,2240.3,8
2021-10-03 20:02:15,2240.2,7
2021-10-03 20:02:15,2240.3,3
2021-10-03 20:02:15,2240.4,2
2021-10-03 20:02:17,2241.0,1
2021-10-03 20:02:20,2240.8,1
2021-10-03 20:02:22,2240.9,2
2021-10-03 20:02:33,2241.1,2
2021-10-03 20:02:33,2241.0,1
2021-10-03 20:02:33,2241.2,2
2021-10-03 20:02:37,2241.5,1
2021-10-03 20:02:37,2241.4,2
2021-10-03 20:02:41,2241.6,4
2021-10-03 20:02:43,2241.7,1
2021-10-03 20:02:45,2241.4,1
2021-10-03 20:02:45,2241.3,4
2021-10-03 20:02:46,2241.3,1
2021-10-03 20:02:46,2241.2,1
2021-10-03 20:02:47,2241.1,1
2021-10-03 20:02:47,2241.0,1
2021-10-03 20:02:48,2241.1,1
2021-10-03 20:02:48,2241.2,3
2021-10-03 20:02:56,2241.1,2
2021-10-03 20:03:03,2241.4,3
2021-10-03 20:03:03,2241.3,1
2021-10-03 20:03:04,2241.3,3
2021-10-03 20:03:04,2241.2,1
2021-10-03 20:03:04,2241.3,3
2021-10-03 20:03:04,2241.1,1
2021-10-03 20:03:10,2240.9,1
2021-10-03 20:03:21,2241.0,2
2021-10-03 20:03:23,2241.0,1
2021-10-03 20:03:27,2240.9,1
2021-10-03 20:03:32,2240.9,2
2021-10-03 20:03:32,2241.0,2
2021-10-03 20:03:32,2240.8,1
2021-10-03 20:03:32,2241.0,2
2021-10-03 20:03:32,2240.9,1
2021-10-03 20:03:32,2240.7,1
2021-10-03 20:03:32,2240.6,3
2021-10-03 20:03:32,2240.5,5
2021-10-03 20:03:33,2240.6,2
2021-10-03 20:03:34,2240.5,2
2021-10-03 20:03:35,2240.4,1
2021-10-03 20:03:35,2240.5,1
2021-10-03 20:03:36,2240.6,1
2021-10-03 20:03:39,2240.6,1
2021-10-03 20:03:39,2240.8,2
2021-10-03 20:03:42,2240.7,1
2021-10-03 20:03:43,2240.5,1
2021-10-03 20:03:47,2240.7,1
2021-10-03 20:03:59,2240.5,1
2021-10-03 20:04:00,2240.6,2
2021-10-03 20:04:10,2240.3,5
2021-10-03 20:04:10,2240.2,1
2021-10-03 20:04:10,2240.3,2
2021-10-03 20:04:11,2240.3,1
2021-10-03 20:04:11,2240.1,2
2021-10-03 20:04:12,2240.1,1
2021-10-03 20:04:14,2240.1,1
2021-10-03 20:04:17,2240.4,2
2021-10-03 20:04:17,2240.3,1
2021-10-03 20:04:20,2240.2,1
2021-10-03 20:04:21,2240.4,1
2021-10-03 20:04:25,2240.2,1
2021-10-03 20:04:25,2240.3,2
2021-10-03 20:04:26,2240.6,3
2021-10-03 20:04:26,2240.7,1
2021-10-03 20:04:27,2240.7,2
2021-10-03 20:04:39,2240.7,1
2021-10-03 20:04:40,2240.7,1
2021-10-03 20:04:42,2240.8,1
2021-10-03 20:04:43,2240.8,1
2021-10-03 20:04:49,2240.8,1
2021-10-03 20:04:51,2240.9,1
2021-10-03 20:04:54,2241.0,1
2021-10-03 20:04:54,2240.9,1
2021-10-03 20:05:00,2240.7,2
2021-10-03 20:05:01,2240.8,2
2021-10-03 20:05:02,2240.7,1
2021-10-03 20:05:02,2240.4,7
2021-10-03 20:05:03,2240.6,2
2021-10-03 20:05:06,2240.7,2
2021-10-03 20:05:06,2240.8,7
2021-10-03 20:05:06,2240.9,1
2021-10-03 20:05:13,2241.0,3
2021-10-03 20:05:15,2241.2,1
2021-10-03 20:05:22,2241.5,3
2021-10-03 20:05:22,2241.6,1
2021-10-03 20:05:22,2241.7,1
2021-10-03 20:05:22,2241.6,3
2021-10-03 20:05:29,2241.5,3
2021-10-03 20:05:31,2241.5,1
2021-10-03 20:05:33,2241.4,4
2021-10-03 20:05:33,2241.3,1
2021-10-03 20:05:33,2241.4,2
2021-10-03 20:05:38,2241.6,2
2021-10-03 20:05:42,2241.5,5
2021-10-03 20:05:51,2241.5,1
2021-10-03 20:05:52,2241.4,2
2021-10-03 20:05:58,2241.6,3
2021-10-03 20:06:07,2241.7,1
2021-10-03 20:06:16,2241.1,1
2021-10-03 20:06:21,2241.0,1
2021-10-03 20:06:27,2241.2,1
2021-10-03 20:06:28,2241.3,1
2021-10-03 20:06:34,2241.1,1
2021-10-03 20:06:38,2241.5,1
2021-10-03 20:06:50,2241.3,2
2021-10-03 20:06:52,2241.3,2
2021-10-03 20:06:52,2241.1,1
2021-10-03 20:07:13,2241.1,1
2021-10-03 20:07:15,2240.9,1
2021-10-03 20:07:16,2241.1,1
2021-10-03 20:07:29,2241.2,1
2021-10-03 20:07:42,2240.6,1
2021-10-03 20:07:42,2240.7,1
2021-10-03 20:08:01,2240.6,1
2021-10-03 20:08:09,2240.7,1
2021-10-03 20:08:17,2240.8,2
2021-10-03 20:08:23,2240.4,4
2021-10-03 20:08:29,2240.2,1
2021-10-03 20:08:35,2240.3,1
2021-10-03 20:08:43,2240.2,1
2021-10-03 20:08:50,2240.3,1
2021-10-03 20:09:00,2240.3,2
2021-10-03 20:09:00,2240.4,1
2021-10-03 20:09:00,2240.2,1
2021-10-03 20:09:00,2240.3,7
2021-10-03 20:09:05,2240.1,1
2021-10-03 20:09:05,2240.0,6
2021-10-03 20:09:06,2240.1,2
2021-10-03 20:09:12,2240.3,2
2021-10-03 20:09:12,2240.4,2
2021-10-03 20:09:13,2240.0,4
2021-10-03 20:09:15,2240.2,1
2021-10-03 20:09:15,2240.3,1
2021-10-03 20:09:19,2240.1,1
2021-10-03 20:09:40,2240.1,2
2021-10-03 20:09:41,2240.0,6
2021-10-03 20:09:41,2240.1,2
2021-10-03 20:09:49,2240.5,1
2021-10-03 20:09:56,2240.5,1
2021-10-03 20:09:57,2240.5,5
2021-10-03 20:10:05,2240.8,1
2021-10-03 20:10:18,2241.3,1
2021-10-03 20:10:19,2241.5,1
2021-10-03 20:10:23,2241.3,2
2021-10-03 20:10:23,2241.2,4
2021-10-03 20:10:23,2241.1,1
2021-10-03 20:10:25,2241.2,1
2021-10-03 20:10:28,2241.1,1
2021-10-03 20:10:28,2241.0,1
2021-10-03 20:10:30,2241.0,2
2021-10-03 20:10:32,2240.9,1
2021-10-03 20:10:41,2241.1,2
2021-10-03 20:10:42,2240.9,1
2021-10-03 20:10:46,2241.1,1
2021-10-03 20:10:58,2240.7,2
2021-10-03 20:11:03,2240.5,1
2021-10-03 20:11:08,2240.2,3
2021-10-03 20:11:08,2240.3,2
2021-10-03 20:11:08,2240.4,2
2021-10-03 20:11:10,2240.5,1
2021-10-03 20:11:14,2240.3,1
2021-10-03 20:11:28,2240.1,1
2021-10-03 20:11:36,2240.5,1
2021-10-03 20:11:37,2240.5,1
2021-10-03 20:11:40,2240.5,2
2021-10-03 20:11:42,2240.2,1
2021-10-03 20:11:52,2240.1,1
2021-10-03 20:11:53,2240.3,1
2021-10-03 20:11:56,2240.2,3
2021-10-03 20:12:04,2240.2,1
2021-10-03 20:12:05,2240.1,3
2021-10-03 20:12:07,2240.1,3
2021-10-03 20:12:08,2240.0,12
2021-10-03 20:12:08,2239.9,1
2021-10-03 20:12:08,2239.8,7
2021-10-03 20:12:08,2239.7,1
2021-10-03 20:12:08,2239.8,3
2021-10-03 20:12:08,2239.9,2
2021-10-03 20:12:09,2240.0,1
2021-10-03 20:12:21,2240.0,3
2021-10-03 20:12:21,2240.1,2
2021-10-03 20:12:24,2240.2,1
2021-10-03 20:12:33,2240.3,1
2021-10-03 20:12:33,2240.4,1
2021-10-03 20:12:33,2240.5,1
2021-10-03 20:12:35,2240.6,2
2021-10-03 20:12:43,2240.2,2
2021-10-03 20:12:45,2240.5,1
2021-10-03 20:12:46,2240.6,1
2021-10-03 20:12:52,2240.3,1
2021-10-03 20:12:56,2240.6,1
2021-10-03 20:13:04,2240.6,2
2021-10-03 20:13:04,2240.7,1
2021-10-03 20:13:04,2240.8,1
2021-10-03 20:13:04,2240.7,2
2021-10-03 20:13:05,2240.8,1
2021-10-03 20:13:05,2240.7,2
2021-10-03 20:13:05,2240.9,1
2021-10-03 20:13:10,2240.9,2
2021-10-03 20:13:17,2240.4,1
2021-10-03 20:13:27,2240.8,3
2021-10-03 20:13:41,2240.8,2
2021-10-03 20:13:55,2240.9,1
2021-10-03 20:14:01,2240.4,2
2021-10-03 20:14:18,2240.6,1
2021-10-03 20:14:22,2240.5,1
2021-10-03 20:14:33,2240.8,1
2021-10-03 20:14:36,2240.8,1
2021-10-03 20:14:40,2240.8,2
2021-10-03 20:15:00,2240.4,1
2021-10-03 20:15:05,2240.1,1
2021-10-03 20:15:05,2240.0,5
2021-10-03 20:15:06,2239.8,5
2021-10-03 20:15:06,2239.9,1
2021-10-03 20:15:06,2240.1,6
2021-10-03 20:15:06,2240.2,1
2021-10-03 20:15:17,2239.8,2
2021-10-03 20:15:18,2239.8,2
2021-10-03 20:15:18,2239.9,3
2021-10-03 20:15:18,2239.7,3
2021-10-03 20:15:18,2239.6,4
2021-10-03 20:15:19,2239.7,1
2021-10-03 20:15:24,2239.5,7
2021-10-03 20:15:24,2239.3,5
2021-10-03 20:15:26,2239.3,1
2021-10-03 20:15:26,2239.2,1
2021-10-03 20:15:27,2239.3,1
2021-10-03 20:15:27,2239.2,1
2021-10-03 20:15:29,2239.3,1
2021-10-03 20:15:31,2239.1,1
2021-10-03 20:15:31,2239.0,6
2021-10-03 20:15:31,2238.9,7
2021-10-03 20:15:31,2238.8,14
2021-10-03 20:15:31,2238.7,7
2021-10-03 20:15:31,2238.6,7
2021-10-03 20:15:31,2238.7,3
2021-10-03 20:15:31,2238.8,1
2021-10-03 20:15:31,2238.6,1
2021-10-03 20:15:31,2238.5,2
2021-10-03 20:15:31,2238.6,2
2021-10-03 20:15:31,2238.5,2
2021-10-03 20:15:31,2238.3,1
2021-10-03 20:15:31,2238.5,4
2021-10-03 20:15:31,2238.6,4
2021-10-03 20:15:32,2238.5,3
2021-10-03 20:15:33,2238.4,1
2021-10-03 20:15:33,2238.6,3
2021-10-03 20:15:34,2238.6,2
2021-10-03 20:15:34,2238.4,1
2021-10-03 20:15:34,2238.3,2
2021-10-03 20:15:35,2238.5,1
2021-10-03 20:15:35,2238.4,1
2021-10-03 20:15:35,2238.3,2
2021-10-03 20:15:36,2238.3,1
2021-10-03 20:15:36,2238.2,2
2021-10-03 20:15:36,2238.4,1
2021-10-03 20:15:37,2238.3,2
2021-10-03 20:15:37,2238.4,1
2021-10-03 20:15:39,2238.6,2
2021-10-03 20:15:40,2238.8,2
2021-10-03 20:15:41,2238.6,1
2021-10-03 20:15:41,2238.4,4
2021-10-03 20:15:43,2238.6,2
2021-10-03 20:15:43,2238.4,1
2021-10-03 20:15:44,2238.3,4
2021-10-03 20:15:44,2238.2,1
2021-10-03 20:15:44,2238.3,1
2021-10-03 20:15:46,2238.2,1
2021-10-03 20:15:46,2238.4,1
2021-10-03 20:15:48,2238.3,2
2021-10-03 20:15:48,2238.5,1
2021-10-03 20:15:49,2238.2,1
2021-10-03 20:15:49,2238.1,8
2021-10-03 20:15:49,2238.0,18
2021-10-03 20:15:49,2237.9,1
2021-10-03 20:15:51,2237.9,1
2021-10-03 20:15:57,2237.7,5
2021-10-03 20:15:57,2237.8,1
2021-10-03 20:16:00,2238.0,2
2021-10-03 20:16:00,2238.1,1
2021-10-03 20:16:00,2238.0,2
2021-10-03 20:16:00,2238.2,2
2021-10-03 20:16:00,2238.1,1
2021-10-03 20:16:02,2237.9,1
2021-10-03 20:16:03,2238.1,1
2021-10-03 20:16:04,2237.8,3
2021-10-03 20:16:04,2237.7,4
2021-10-03 20:16:05,2237.8,3
2021-10-03 20:16:06,2237.9,2
2021-10-03 20:16:06,2238.0,1
2021-10-03 20:16:06,2237.8,8
2021-10-03 20:16:07,2237.8,2
2021-10-03 20:16:11,2237.5,3
2021-10-03 20:16:11,2237.7,1
2021-10-03 20:16:11,2237.8,1
2021-10-03 20:16:16,2238.2,2
2021-10-03 20:16:20,2238.1,1
2021-10-03 20:16:20,2237.9,1
2021-10-03 20:16:21,2238.0,3
2021-10-03 20:16:23,2237.8,1
2021-10-03 20:16:38,2238.3,2
2021-10-03 20:16:39,2238.4,3
2021-10-03 20:16:41,2237.8,1
2021-10-03 20:16:50,2237.9,1
2021-10-03 20:17:00,2237.5,1
2021-10-03 20:17:01,2237.6,1
2021-10-03 20:17:03,2237.7,2
2021-10-03 20:17:04,2237.6,1
2021-10-03 20:17:05,2237.8,2
2021-10-03 20:17:06,2237.7,1
2021-10-03 20:17:06,2237.6,3
2021-10-03 20:17:06,2237.8,1
2021-10-03 20:17:07,2237.9,2
2021-10-03 20:17:09,2238.0,2
2021-10-03 20:17:09,2238.1,1
2021-10-03 20:17:09,2238.0,2
2021-10-03 20:17:09,2238.1,1
2021-10-03 20:17:16,2237.8,2
2021-10-03 20:17:16,2237.9,2
2021-10-03 20:17:16,2237.7,1
2021-10-03 20:17:18,2237.8,1
2021-10-03 20:17:18,2238.0,1
2021-10-03 20:17:20,2238.0,1
2021-10-03 20:17:25,2237.8,3
2021-10-03 20:17:25,2237.9,4
2021-10-03 20:17:32,2237.8,1
2021-10-03 20:17:38,2238.0,1
2021-10-03 20:17:43,2238.2,2
2021-10-03 20:17:58,2238.1,1
2021-10-03 20:18:08,2238.0,2
2021-10-03 20:18:09,2238.0,3
2021-10-03 20:18:09,2237.9,2
2021-10-03 20:18:09,2237.8,1
2021-10-03 20:18:09,2237.7,7
2021-10-03 20:18:09,2237.6,1
2021-10-03 20:18:10,2237.7,1
2021-10-03 20:18:13,2237.7,2
2021-10-03 20:18:13,2237.6,4
2021-10-03 20:18:18,2237.5,3
2021-10-03 20:18:22,2237.4,1
2021-10-03 20:18:23,2237.6,1
2021-10-03 20:18:26,2237.4,2
2021-10-03 20:18:26,2237.3,1
2021-10-03 20:18:26,2237.5,1
2021-10-03 20:18:26,2237.3,2
2021-10-03 20:18:26,2237.2,6
2021-10-03 20:18:29,2237.3,1
2021-10-03 20:18:29,2237.4,3
2021-10-03 20:18:29,2237.5,4
2021-10-03 20:18:29,2237.6,3
2021-10-03 20:18:30,2237.5,2
2021-10-03 20:18:31,2237.4,1
2021-10-03 20:18:31,2237.2,1
2021-10-03 20:18:34,2237.2,1
2021-10-03 20:18:35,2237.4,2
2021-10-03 20:18:35,2237.5,5
2021-10-03 20:18:37,2237.6,1
2021-10-03 20:18:42,2237.5,1
2021-10-03 20:18:45,2237.3,1
2021-10-03 20:18:46,2237.3,1
2021-10-03 20:18:48,2237.5,2
2021-10-03 20:18:48,2237.4,1
2021-10-03 20:18:54,2237.1,5
2021-10-03 20:18:54,2237.2,2
2021-10-03 20:18:54,2237.4,2
2021-10-03 20:18:55,2237.1,6
2021-10-03 20:19:00,2237.1,1
2021-10-03 20:19:03,2237.2,1
2021-10-03 20:19:03,2237.4,1
2021-10-03 20:19:03,2237.5,4
2021-10-03 20:19:04,2237.6,1
2021-10-03 20:19:09,2237.5,1
2021-10-03 20:19:10,2237.4,1
2021-10-03 20:19:16,2237.5,4
2021-10-03 20:19:25,2237.5,1
2021-10-03 20:19:29,2237.6,1
2021-10-03 20:19:29,2237.7,3
2021-10-03 20:19:30,2237.8,5
2021-10-03 20:19:30,2237.7,1
2021-10-03 20:19:33,2237.7,1
2021-10-03 20:19:38,2237.9,1
2021-10-03 20:19:39,2237.7,2
2021-10-03 20:19:40,2237.8,1
2021-10-03 20:19:46,2237.7,2
2021-10-03 20:19:46,2237.6,1
2021-10-03 20:19:46,2237.5,1
2021-10-03 20:19:46,2237.4,1
2021-10-03 20:19:46,2237.5,1
2021-10-03 20:19:51,2237.4,1
2021-10-03 20:19:52,2237.2,1
2021-10-03 20:19:52,2237.1,3
2021-10-03 20:19:52,2237.2,2
2021-10-03 20:19:53,2237.4,1
2021-10-03 20:19:56,2237.1,4
2021-10-03 20:19:57,2237.0,3
2021-10-03 20:19:57,2236.9,2
2021-10-03 20:19:57,2236.8,2
2021-10-03 20:20:01,2236.7,4
2021-10-03 20:20:01,2236.6,1
2021-10-03 20:20:01,2236.5,4
2021-10-03 20:20:01,2236.4,1
2021-10-03 20:20:01,2236.3,8
2021-10-03 20:20:01,2236.2,4
2021-10-03 20:20:02,2236.3,2
2021-10-03 20:20:03,2236.2,4
2021-10-03 20:20:03,2236.1,1
2021-10-03 20:20:06,2236.8,1
2021-10-03 20:20:09,2236.8,1
2021-10-03 20:20:10,2236.4,1
2021-10-03 20:20:11,2236.5,1
2021-10-03 20:20:12,2236.6,1
2021-10-03 20:20:14,2236.6,3
2021-10-03 20:20:15,2236.5,6
2021-10-03 20:20:17,2236.7,3
2021-10-03 20:20:20,2236.5,1
2021-10-03 20:20:23,2236.8,1
2021-10-03 20:20:24,2237.0,4
2021-10-03 20:20:25,2237.0,1
2021-10-03 20:20:25,2237.1,3
2021-10-03 20:20:29,2237.0,1
2021-10-03 20:20:31,2236.9,1
2021-10-03 20:20:32,2237.0,1
2021-10-03 20:20:34,2236.8,1
2021-10-03 20:20:35,2236.8,1
2021-10-03 20:20:36,2236.8,1
2021-10-03 20:20:38,2237.1,2
2021-10-03 20:20:40,2237.4,3
2021-10-03 20:20:41,2237.5,3
2021-10-03 20:20:41,2237.3,1
2021-10-03 20:20:46,2237.5,1
2021-10-03 20:20:46,2237.3,1
2021-10-03 20:20:51,2237.4,1
2021-10-03 20:20:52,2237.3,2
2021-10-03 20:20:52,2237.2,14
2021-10-03 20:20:53,2237.2,2
2021-10-03 20:20:53,2237.1,2
2021-10-03 20:20:55,2237.2,1
2021-10-03 20:21:06,2237.0,1
2021-10-03 20:21:08,2237.2,2
2021-10-03 20:21:08,2237.4,1
2021-10-03 20:21:08,2237.5,1
2021-10-03 20:21:09,2237.2,1
2021-10-03 20:21:12,2237.1,1
2021-10-03 20:21:12,2237.0,1
2021-10-03 20:21:12,2237.1,1
2021-10-03 20:21:19,2237.0,1
2021-10-03 20:21:45,2236.9,4
2021-10-03 20:21:51,2236.8,3
2021-10-03 20:21:53,2236.9,1
2021-10-03 20:22:05,2236.8,1
2021-10-03 20:22:09,2236.7,1
2021-10-03 20:22:09,2236.8,2
2021-10-03 20:22:11,2236.7,2
2021-10-03 20:22:21,2237.0,1
2021-10-03 20:22:32,2236.9,2
2021-10-03 20:22:43,2237.0,1
2021-10-03 20:22:44,2237.0,1
2021-10-03 20:22:47,2237.1,3
2021-10-03 20:22:47,2237.2,2
2021-10-03 20:22:51,2237.4,1
2021-10-03 20:22:53,2237.6,3
2021-10-03 20:22:55,2237.8,1
2021-10-03 20:22:55,2237.9,3
2021-10-03 20:22:55,2238.0,2
2021-10-03 20:22:55,2237.8,1
2021-10-03 20:23:01,2238.0,1
2021-10-03 20:23:03,2237.9,2
2021-10-03 20:23:04,2237.8,1
2021-10-03 20:23:05,2237.7,1
2021-10-03 20:23:06,2237.7,1
2021-10-03 20:23:06,2237.6,1
2021-10-03 20:23:06,2237.8,1
2021-10-03 20:23:11,2237.9,1
2021-10-03 20:23:14,2238.0,1
2021-10-03 20:23:14,2238.1,2
2021-10-03 20:23:15,2238.2,1
2021-10-03 20:23:16,2238.3,1
2021-10-03 20:23:23,2238.2,1
2021-10-03 20:23:24,2238.3,1
2021-10-03 20:23:26,2238.5,8
2021-10-03 20:23:27,2238.4,2
2021-10-03 20:23:28,2238.5,1
2021-10-03 20:23:28,2238.6,1
2021-10-03 20:23:28,2238.4,2
2021-10-03 20:23:29,2238.4,1
2021-10-03 20:23:29,2238.3,2
2021-10-03 20:23:29,2238.2,6
2021-10-03 20:23:29,2238.3,1
2021-10-03 20:23:29,2238.2,1
2021-10-03 20:23:35,2238.2,1
2021-10-03 20:23:41,2238.2,2
2021-10-03 20:23:48,2238.1,2
2021-10-03 20:23:51,2237.8,1
2021-10-03 20:23:51,2237.9,2
2021-10-03 20:23:59,2237.8,1
2021-10-03 20:23:59,2237.7,4
2021-10-03 20:23:59,2237.6,3
2021-10-03 20:23:59,2237.8,1
2021-10-03 20:23:59,2237.5,6
2021-10-03 20:23:59,2237.4,3
2021-10-03 20:23:59,2237.3,7
2021-10-03 20:23:59,2237.4,1
2021-10-03 20:23:59,2237.3,2
2021-10-03 20:23:59,2237.2,1
2021-10-03 20:24:02,2237.1,2
2021-10-03 20:24:05,2237.1,1
2021-10-03 20:24:07,2237.1,1
2021-10-03 20:24:08,2237.0,2
2021-10-03 20:24:10,2236.9,1
2021-10-03 20:24:10,2237.0,1
2021-10-03 20:24:10,2236.8,1
2021-10-03 20:24:14,2237.0,3
2021-10-03 20:24:16,2236.8,1
2021-10-03 20:24:18,2237.1,1
2021-10-03 20:24:19,2237.2,2
2021-10-03 20:24:19,2237.1,1
2021-10-03 20:24:19,2237.2,1
2021-10-03 20:24:21,2237.3,1
2021-10-03 20:24:21,2237.4,1
2021-10-03 20:24:21,2237.5,1
2021-10-03 20:24:23,2237.6,1
2021-10-03 20:24:23,2237.5,1
2021-10-03 20:24:59,2237.5,2
2021-10-03 20:25:00,2237.2,1
2021-10-03 20:25:01,2237.2,3
2021-10-03 20:25:07,2237.0,1
2021-10-03 20:25:23,2237.2,2
2021-10-03 20:25:25,2237.3,3
2021-10-03 20:25:28,2237.4,1
2021-10-03 20:25:30,2237.2,1
2021-10-03 20:25:43,2237.3,1
2021-10-03 20:26:06,2237.2,2
2021-10-03 20:26:12,2237.2,3
2021-10-03 20:26:14,2237.5,4
2021-10-03 20:26:15,2237.6,1
2021-10-03 20:26:30,2237.6,2
2021-10-03 20:26:40,2237.7,1
2021-10-03 20:26:50,2237.3,1
2021-10-03 20:26:52,2237.1,1
2021-10-03 20:26:52,2237.0,4
2021-10-03 20:26:53,2237.1,3
2021-10-03 20:26:54,2237.2,1
2021-10-03 20:26:54,2237.1,1
2021-10-03 20:26:57,2237.2,1
2021-10-03 20:27:00,2237.2,3
2021-10-03 20:27:02,2237.3,1
2021-10-03 20:27:08,2237.2,1
2021-10-03 20:27:24,2237.4,1
2021-10-03 20:27:32,2237.0,2
2021-10-03 20:27:37,2237.0,2
2021-10-03 20:27:37,2237.2,1
2021-10-03 20:27:46,2237.0,1
2021-10-03 20:27:50,2236.8,1
2021-10-03 20:27:52,2236.8,1
2021-10-03 20:27:52,2236.7,3
2021-10-03 20:27:53,2236.6,2
2021-10-03 20:27:53,2236.5,5
2021-10-03 20:27:53,2236.4,1
2021-10-03 20:27:54,2236.2,1
2021-10-03 20:27:58,2236.4,1
2021-10-03 20:27:59,2236.4,1
2021-10-03 20:28:03,2236.7,5
2021-10-03 20:28:03,2236.8,3
2021-10-03 20:28:04,2236.8,2
2021-10-03 20:28:04,2236.6,1
2021-10-03 20:28:08,2236.3,1
2021-10-03 20:28:09,2236.4,2
2021-10-03 20:28:11,2236.7,1
2021-10-03 20:28:14,2237.0,1
2021-10-03 20:28:17,2237.0,1
2021-10-03 20:28:18,2236.8,1
2021-10-03 20:28:29,2236.6,1
2021-10-03 20:28:33,2236.8,4
2021-10-03 20:28:39,2236.8,1
2021-10-03 20:28:44,2236.6,2
2021-10-03 20:28:48,2236.8,1
2021-10-03 20:28:49,2236.9,3
2021-10-03 20:29:02,2236.5,1
2021-10-03 20:29:10,2236.9,2
2021-10-03 20:29:13,2237.0,1
2021-10-03 20:29:21,2236.9,1
2021-10-03 20:29:42,2236.6,1
2021-10-03 20:29:44,2236.4,2
2021-10-03 20:29:55,2236.4,1
2021-10-03 20:30:01,2236.6,2
2021-10-03 20:30:17,2237.0,2
2021-10-03 20:30:22,2237.0,2
2021-10-03 20:30:31,2237.0,1
2021-10-03 20:30:32,2236.9,3
2021-10-03 20:30:38,2237.2,2
2021-10-03 20:30:38,2237.3,4
2021-10-03 20:30:42,2237.3,1
2021-10-03 20:30:43,2237.3,1
2021-10-03 20:30:44,2237.4,2
2021-10-03 20:31:03,2237.4,2
2021-10-03 20:31:03,2237.5,1
2021-10-03 20:31:05,2237.6,3
2021-10-03 20:31:06,2237.4,1
2021-10-03 20:31:24,2237.4,1
2021-10-03 20:31:25,2237.3,5
2021-10-03 20:31:29,2237.2,1
2021-10-03 20:31:29,2237.3,1
2021-10-03 20:31:40,2237.3,1
2021-10-03 20:31:43,2237.4,1
2021-10-03 20:31:55,2237.7,1
2021-10-03 20:31:59,2237.7,2
2021-10-03 20:32:01,2237.7,1
2021-10-03 20:32:04,2237.8,1
2021-10-03 20:32:06,2237.7,2
2021-10-03 20:32:07,2237.8,6
2021-10-03 20:32:10,2237.7,2
2021-10-03 20:32:11,2237.9,1
2021-10-03 20:32:11,2237.7,7
2021-10-03 20:32:20,2237.9,2
2021-10-03 20:32:21,2237.9,1
2021-10-03 20:32:26,2237.9,1
2021-10-03 20:32:35,2237.8,2
2021-10-03 20:32:38,2238.1,1
2021-10-03 20:32:42,2238.1,1
2021-10-03 20:32:42,2238.2,7
2021-10-03 20:32:42,2238.1,1
2021-10-03 20:32:46,2238.0,1
2021-10-03 20:32:49,2238.0,1
2021-10-03 20:33:14,2238.2,1
2021-10-03 20:33:17,2238.0,1
2021-10-03 20:33:17,2237.9,1
2021-10-03 20:33:17,2238.1,1
2021-10-03 20:33:21,2238.0,1
2021-10-03 20:33:25,2237.9,1
2021-10-03 20:33:27,2237.9,1
2021-10-03 20:33:28,2237.8,1
2021-10-03 20:33:29,2237.7,2
2021-10-03 20:33:31,2237.6,4
2021-10-03 20:33:31,2237.5,1
2021-10-03 20:33:35,2237.6,1
2021-10-03 20:33:38,2237.2,1
2021-10-03 20:33:39,2237.1,1
2021-10-03 20:33:39,2237.2,2
2021-10-03 20:33:40,2237.2,2
2021-10-03 20:33:44,2237.0,1
2021-10-03 20:33:49,2237.0,1
2021-10-03 20:33:53,2236.9,2
2021-10-03 20:33:56,2237.0,4
2021-10-03 20:33:58,2237.1,5
2021-10-03 20:33:59,2237.2,1
2021-10-03 20:34:07,2237.5,4
2021-10-03 20:34:07,2237.4,6
2021-10-03 20:34:07,2237.3,1
2021-10-03 20:34:07,2237.1,2
2021-10-03 20:34:24,2237.3,2
2021-10-03 20:34:28,2237.2,2
2021-10-03 20:34:32,2237.0,1
2021-10-03 20:34:35,2237.0,1
2021-10-03 20:34:38,2236.9,1
2021-10-03 20:34:38,2236.8,1
2021-10-03 20:34:39,2237.0,1
2021-10-03 20:34:39,2237.1,2
2021-10-03 20:34:39,2237.3,1
2021-10-03 20:34:39,2237.4,1
2021-10-03 20:34:39,2237.2,1
2021-10-03 20:34:41,2237.2,3
2021-10-03 20:34:58,2236.7,2
2021-10-03 20:34:58,2236.6,1
2021-10-03 20:34:58,2236.5,1
2021-10-03 20:35:02,2236.6,2
2021-10-03 20:35:05,2236.8,3
2021-10-03 20:35:05,2236.9,3
2021-10-03 20:35:15,2236.9,5
2021-10-03 20:35:15,2237.0,1
2021-10-03 20:35:15,2237.1,5
2021-10-03 20:35:15,2237.2,2
2021-10-03 20:35:15,2237.3,5
2021-10-03 20:35:15,2237.4,3
2021-10-03 20:35:15,2237.3,3
2021-10-03 20:35:19,2236.9,1
2021-10-03 20:35:20,2236.8,2
2021-10-03 20:35:24,2236.6,1
2021-10-03 20:35:30,2236.7,3
2021-10-03 20:35:33,2236.7,1
2021-10-03 20:35:34,2236.8,2
2021-10-03 20:35:35,2236.6,3
2021-10-03 20:35:35,2236.5,4
2021-10-03 20:35:36,2236.4,5
2021-10-03 20:35:38,2236.3,3
2021-10-03 20:35:38,2236.2,3
2021-10-03 20:35:39,2236.1,6
2021-10-03 20:35:39,2236.0,8
2021-10-03 20:35:40,2236.0,1
2021-10-03 20:35:40,2235.8,1
2021-10-03 20:35:40,2235.7,2
2021-10-03 20:35:40,2235.6,6
2021-10-03 20:35:40,2235.3,2
2021-10-03 20:35:41,2235.2,2
2021-10-03 20:35:45,2235.1,5
2021-10-03 20:35:45,2235.0,10
2021-10-03 20:35:45,2234.9,5
2021-10-03 20:35:45,2234.8,2
2021-10-03 20:35:45,2234.7,6
2021-10-03 20:35:45,2234.6,4
2021-10-03 20:35:45,2234.8,8
2021-10-03 20:35:45,2234.6,9
2021-10-03 20:35:45,2234.5,8
2021-10-03 20:35:45,2234.6,3
2021-10-03 20:35:45,2234.5,2
2021-10-03 20:35:45,2234.6,3
2021-10-03 20:35:46,2234.6,1
2021-10-03 20:35:47,2234.6,2
2021-10-03 20:35:48,2234.4,5
2021-10-03 20:35:48,2234.5,2
2021-10-03 20:35:48,2234.4,1
2021-10-03 20:35:48,2234.5,1
2021-10-03 20:35:49,2234.6,1
2021-10-03 20:35:50,2234.7,2
2021-10-03 20:35:50,2234.9,2
2021-10-03 20:35:51,2235.0,1
2021-10-03 20:35:55,2234.6,2
2021-10-03 20:35:59,2234.5,1
2021-10-03 20:35:59,2234.4,1
2021-10-03 20:36:02,2234.5,1
2021-10-03 20:36:03,2234.5,3
2021-10-03 20:36:03,2234.6,3
2021-10-03 20:36:03,2234.7,3
2021-10-03 20:36:05,2234.7,1
2021-10-03 20:36:05,2234.8,3
2021-10-03 20:36:06,2234.6,5
2021-10-03 20:36:06,2234.5,2
2021-10-03 20:36:06,2234.6,1
2021-10-03 20:36:07,2234.8,2
2021-10-03 20:36:07,2234.9,2
2021-10-03 20:36:08,2234.7,1
2021-10-03 20:36:12,2234.8,1
2021-10-03 20:36:14,2234.5,3
2021-10-03 20:36:16,2234.3,1
2021-10-03 20:36:16,2234.2,4
2021-10-03 20:36:16,2234.1,4
2021-10-03 20:36:17,2234.4,1
2021-10-03 20:36:17,2234.2,2
2021-10-03 20:36:18,2234.2,1
2021-10-03 20:36:21,2234.3,2
2021-10-03 20:36:27,2234.2,3
2021-10-03 20:36:27,2234.1,2
2021-10-03 20:36:29,2234.0,5
2021-10-03 20:36:30,2234.0,1
2021-10-03 20:36:30,2233.9,1
2021-10-03 20:36:30,2233.8,1
2021-10-03 20:36:30,2233.9,2
2021-10-03 20:36:30,2234.0,2
2021-10-03 20:36:30,2233.9,1
2021-10-03 20:36:30,2234.1,2
2021-10-03 20:36:32,2234.2,2
2021-10-03 20:36:32,2234.3,1
2021-10-03 20:36:33,2234.5,3
2021-10-03 20:36:33,2234.4,1
2021-10-03 20:36:34,2234.5,1
2021-10-03 20:36:34,2234.4,2
2021-10-03 20:36:35,2234.5,1
2021-10-03 20:36:37,2234.4,5
2021-10-03 20:36:37,2234.3,7
2021-10-03 20:36:37,2234.2,3
2021-10-03 20:36:39,2234.2,2
2021-10-03 20:36:39,2234.1,1
2021-10-03 20:36:40,2234.0,5
2021-10-03 20:36:41,2233.9,1
2021-10-03 20:36:41,2234.0,3
2021-10-03 20:36:42,2234.1,2
2021-10-03 20:36:43,2234.3,1
2021-10-03 20:36:46,2234.1,1
2021-10-03 20:36:46,2234.3,2
2021-10-03 20:36:47,2234.3,5
2021-10-03 20:36:47,2234.4,3
2021-10-03 20:36:49,2234.5,1
2021-10-03 20:36:49,2234.7,4
2021-10-03 20:36:49,2234.5,2
2021-10-03 20:36:51,2234.5,2
2021-10-03 20:36:51,2234.6,1
2021-10-03 20:36:53,2234.7,4
2021-10-03 20:36:54,2234.6,1
2021-10-03 20:36:57,2234.8,2
2021-10-03 20:36:59,2234.9,1
2021-10-03 20:37:03,2234.4,1
2021-10-03 20:37:05,2234.4,1
2021-10-03 20:37:07,2234.4,2
2021-10-03 20:37:09,2234.6,3
2021-10-03 20:37:09,2234.7,1
2021-10-03 20:37:11,2234.6,1
2021-10-03 20:37:14,2234.5,1
2021-10-03 20:37:14,2234.6,2
2021-10-03 20:37:21,2234.6,1
2021-10-03 20:37:22,2234.7,2
2021-10-03 20:37:26,2234.5,3
2021-10-03 20:37:27,2234.6,2
2021-10-03 20:37:27,2234.5,1
2021-10-03 20:37:28,2234.5,3
2021-10-03 20:37:29,2234.7,2
2021-10-03 20:37:29,2234.8,7
2021-10-03 20:37:32,2234.6,2
2021-10-03 20:37:32,2234.5,1
2021-10-03 20:37:34,2234.6,1
2021-10-03 20:37:47,2234.7,2
2021-10-03 20:37:53,2234.4,2
2021-10-03 20:37:55,2234.6,2
2021-10-03 20:37:55,2234.3,3
2021-10-03 20:38:01,2234.2,2
2021-10-03 20:38:12,2234.6,2
2021-10-03 20:38:13,2234.7,5
2021-10-03 20:38:13,2234.8,4
2021-10-03 20:38:14,2234.8,1
2021-10-03 20:38:16,2234.7,1
2021-10-03 20:38:16,2234.6,1
2021-10-03 20:38:24,2234.4,2
2021-10-03 20:38:31,2234.4,3
2021-10-03 20:38:33,2234.4,1
2021-10-03 20:38:36,2234.6,4
2021-10-03 20:38:36,2234.7,2
2021-10-03 20:38:36,2234.6,1
2021-10-03 20:38:36,2234.5,2
2021-10-03 20:38:38,2234.7,1
2021-10-03 20:38:40,2234.7,1
2021-10-03 20:38:47,2234.8,1
2021-10-03 20:38:47,2234.6,1
2021-10-03 20:38:49,2234.5,2
2021-10-03 20:38:55,2234.6,1
2021-10-03 20:38:56,2234.8,1
2021-10-03 20:39:00,2234.7,2
2021-10-03 20:39:02,2234.4,2
2021-10-03 20:39:02,2234.3,1
2021-10-03 20:39:04,2234.3,2
2021-10-03 20:39:17,2234.1,1
2021-10-03 20:39:19,2234.5,1
2021-10-03 20:39:25,2234.7,1
2021-10-03 20:39:27,2234.6,1
2021-10-03 20:39:33,2234.5,1
2021-10-03 20:39:56,2234.7,3
2021-10-03 20:39:59,2234.8,1
2021-10-03 20:40:00,2234.9,3
2021-10-03 20:40:02,2234.9,3
2021-10-03 20:40:02,2235.1,1
2021-10-03 20:40:02,2235.2,4
2021-10-03 20:40:02,2235.3,2
2021-10-03 20:40:03,2235.3,1
2021-10-03 20:40:03,2235.4,1
2021-10-03 20:40:04,2235.4,1
2021-10-03 20:40:04,2235.3,1
2021-10-03 20:40:08,2235.3,1
2021-10-03 20:40:08,2235.1,2
2021-10-03 20:40:08,2235.2,5
2021-10-03 20:40:10,2234.9,4
2021-10-03 20:40:10,2235.1,1
2021-10-03 20:40:12,2235.0,1
2021-10-03 20:40:17,2234.7,4
2021-10-03 20:40:18,2234.8,2
2021-10-03 20:40:20,2234.7,1
2021-10-03 20:40:21,2234.8,1
2021-10-03 20:40:24,2234.7,3
2021-10-03 20:40:24,2234.8,4
2021-10-03 20:40:24,2234.9,6
2021-10-03 20:40:24,2235.0,5
2021-10-03 20:40:24,2234.9,1
2021-10-03 20:40:24,2234.7,1
2021-10-03 20:40:25,2234.7,1
2021-10-03 20:40:26,2234.5,3
2021-10-03 20:40:27,2234.5,1
2021-10-03 20:40:28,2234.5,2
2021-10-03 20:40:33,2234.4,2
2021-10-03 20:40:34,2234.2,2
2021-10-03 20:40:39,2234.2,1
2021-10-03 20:40:40,2234.0,3
2021-10-03 20:40:40,2233.9,5
2021-10-03 20:40:40,2233.8,1
2021-10-03 20:40:42,2233.7,1
2021-10-03 20:40:45,2233.8,4
2021-10-03 20:40:45,2233.9,2
2021-10-03 20:40:45,2234.0,2
2021-10-03 20:40:48,2233.8,1
2021-10-03 20:40:50,2233.9,4
2021-10-03 20:40:50,2233.6,4
2021-10-03 20:40:54,2233.7,1
2021-10-03 20:40:55,2233.9,7
2021-10-03 20:40:55,2234.0,7
2021-10-03 20:40:55,2234.1,8
2021-10-03 20:40:55,2234.2,8
2021-10-03 20:40:55,2234.3,5
2021-10-03 20:40:55,2233.8,3
2021-10-03 20:40:56,2233.6,4
2021-10-03 20:40:57,2233.6,1
2021-10-03 20:40:59,2233.7,3
2021-10-03 20:41:00,2233.5,9
2021-10-03 20:41:00,2233.4,2
2021-10-03 20:41:00,2233.5,1
2021-10-03 20:41:01,2233.7,3
2021-10-03 20:41:07,2233.3,2
2021-10-03 20:41:08,2233.2,2
2021-10-03 20:41:08,2233.1,5
2021-10-03 20:41:08,2233.0,10
2021-10-03 20:41:08,2232.9,2
2021-10-03 20:41:08,2232.8,3
2021-10-03 20:41:08,2232.9,6
2021-10-03 20:41:09,2232.9,1
2021-10-03 20:41:09,2233.0,2
2021-10-03 20:41:09,2233.1,2
2021-10-03 20:41:10,2233.2,1
2021-10-03 20:41:10,2233.3,2
2021-10-03 20:41:10,2233.4,2
2021-10-03 20:41:11,2233.5,3
2021-10-03 20:41:12,2233.6,3
2021-10-03 20:41:13,2233.7,1
2021-10-03 20:41:13,2233.6,1
2021-10-03 20:41:14,2233.3,5
2021-10-03 20:41:14,2233.2,1
2021-10-03 20:41:16,2233.0,2
2021-10-03 20:41:16,2232.9,3
2021-10-03 20:41:16,2232.8,3
2021-10-03 20:41:16,2232.7,9
2021-10-03 20:41:19,2233.0,1
2021-10-03 20:41:22,2232.6,1
2021-10-03 20:41:23,2232.5,2
2021-10-03 20:41:24,2232.5,4
2021-10-03 20:41:24,2232.6,2
2021-10-03 20:41:24,2232.7,8
2021-10-03 20:41:24,2232.8,5
2021-10-03 20:41:24,2232.5,1
2021-10-03 20:41:26,2232.7,1
2021-10-03 20:41:30,2232.5,2
2021-10-03 20:41:30,2232.6,1
2021-10-03 20:41:30,2232.7,1
2021-10-03 20:41:30,2232.6,3
2021-10-03 20:41:31,2232.7,1
2021-10-03 20:41:31,2232.5,1
2021-10-03 20:41:34,2232.5,1
2021-10-03 20:41:35,2232.5,12
2021-10-03 20:41:36,2232.6,2
2021-10-03 20:41:42,2232.8,2
2021-10-03 20:41:42,2232.7,2
2021-10-03 20:41:45,2232.9,8
2021-10-03 20:41:45,2233.0,6
2021-10-03 20:41:45,2233.1,2
2021-10-03 20:41:45,2233.2,1
2021-10-03 20:41:45,2233.1,2
2021-10-03 20:41:46,2233.1,1
2021-10-03 20:41:57,2233.2,1
2021-10-03 20:41:59,2233.3,1
2021-10-03 20:41:59,2233.4,1
2021-10-03 20:42:08,2233.5,1
2021-10-03 20:42:09,2233.6,1
2021-10-03 20:42:10,2233.7,1
2021-10-03 20:42:13,2233.6,1
2021-10-03 20:42:13,2233.5,2
2021-10-03 20:42:15,2233.6,2
2021-10-03 20:42:17,2233.7,2
2021-10-03 20:42:18,2233.6,2
2021-10-03 20:42:21,2233.4,2
2021-10-03 20:42:21,2233.2,1
2021-10-03 20:42:24,2233.5,1
2021-10-03 20:42:25,2233.6,1
2021-10-03 20:42:27,2233.5,1
2021-10-03 20:42:28,2233.6,1
2021-10-03 20:42:32,2233.7,1
2021-10-03 20:42:33,2233.6,1
2021-10-03 20:42:35,2233.7,1
2021-10-03 20:42:37,2233.4,1
2021-10-03 20:42:46,2233.4,2
2021-10-03 20:42:46,2233.3,3
2021-10-03 20:42:49,2233.3,1
2021-10-03 20:42:55,2233.1,5
2021-10-03 20:42:55,2233.2,3
2021-10-03 20:42:55,2233.3,2
2021-10-03 20:42:57,2233.0,1
2021-10-03 20:42:58,2233.1,2
2021-10-03 20:42:59,2233.0,2
2021-10-03 20:43:10,2233.0,1
2021-10-03 20:43:10,2232.9,1
2021-10-03 20:43:17,2233.1,2
2021-10-03 20:43:18,2233.0,3
2021-10-03 20:43:20,2232.9,4
2021-10-03 20:43:21,2233.0,1
2021-10-03 20:43:21,2232.9,11
2021-10-03 20:43:23,2233.2,2
2021-10-03 20:43:24,2233.1,1
2021-10-03 20:43:24,2233.3,1
2021-10-03 20:43:24,2233.4,1
2021-10-03 20:43:24,2233.5,6
2021-10-03 20:43:24,2233.6,1
2021-10-03 20:43:25,2233.5,1
2021-10-03 20:43:25,2233.4,5
2021-10-03 20:43:25,2233.3,4
2021-10-03 20:43:27,2233.3,2
2021-10-03 20:43:31,2233.5,2
2021-10-03 20:43:35,2233.6,2
2021-10-03 20:43:40,2233.6,1
2021-10-03 20:43:41,2233.6,1
2021-10-03 20:43:43,2233.7,2
2021-10-03 20:43:47,2233.8,1
2021-10-03 20:43:48,2233.9,2
2021-10-03 20:43:53,2233.9,1
2021-10-03 20:43:57,2233.9,1
2021-10-03 20:43:57,2233.8,1
2021-10-03 20:44:02,2233.6,2
2021-10-03 20:44:02,2233.5,2
2021-10-03 20:44:06,2233.4,1
2021-10-03 20:44:08,2233.5,1
2021-10-03 20:44:10,2233.7,3
2021-10-03 20:44:13,2233.5,1
2021-10-03 20:44:19,2233.4,1
2021-10-03 20:44:27,2233.2,1
2021-10-03 20:44:28,2233.1,1
2021-10-03 20:44:28,2233.0,1
2021-10-03 20:44:30,2233.1,4
2021-10-03 20:44:31,2233.0,3
2021-10-03 20:44:35,2232.9,3
2021-10-03 20:44:35,2233.1,1
2021-10-03 20:44:37,2232.8,1
2021-10-03 20:44:39,2232.7,2
2021-10-03 20:44:39,2232.6,1
2021-10-03 20:44:40,2232.7,3
2021-10-03 20:44:43,2232.3,1
2021-10-03 20:44:43,2232.2,4
2021-10-03 20:44:43,2232.1,2
2021-10-03 20:44:43,2232.0,13
2021-10-03 20:44:43,2231.9,4
2021-10-03 20:44:43,2232.0,5
2021-10-03 20:44:43,2231.9,1
2021-10-03 20:44:44,2231.8,1
2021-10-03 20:44:45,2232.1,5
2021-10-03 20:44:46,2232.1,1
2021-10-03 20:44:47,2232.3,3
2021-10-03 20:44:52,2232.4,3
2021-10-03 20:44:56,2232.3,1
2021-10-03 20:44:59,2232.3,1
2021-10-03 20:45:01,2232.2,2
2021-10-03 20:45:01,2232.1,1
2021-10-03 20:45:02,2232.0,2
2021-10-03 20:45:02,2231.9,1
2021-10-03 20:45:02,2232.0,3
2021-10-03 20:45:02,2231.9,1
2021-10-03 20:45:02,2232.0,1
2021-10-03 20:45:06,2232.1,3
2021-10-03 20:45:07,2232.1,1
2021-10-03 20:45:08,2232.3,3
2021-10-03 20:45:08,2232.4,1
2021-10-03 20:45:09,2232.2,1
2021-10-03 20:45:09,2232.1,1
2021-10-03 20:45:11,2232.0,3
2021-10-03 20:45:11,2231.9,2
2021-10-03 20:45:11,2231.8,2
2021-10-03 20:45:12,2231.7,1
2021-10-03 20:45:18,2231.7,1
2021-10-03 20:45:19,2231.8,1
2021-10-03 20:45:22,2232.1,1
2021-10-03 20:45:23,2232.4,2
2021-10-03 20:45:24,2232.4,1
2021-10-03 20:45:24,2232.3,2
2021-10-03 20:45:24,2232.2,3
2021-10-03 20:45:24,2232.3,1
2021-10-03 20:45:27,2232.4,1
2021-10-03 20:45:28,2232.4,1
2021-10-03 20:45:29,2232.5,1
2021-10-03 20:45:37,2232.8,3
2021-10-03 20:45:38,2232.7,3
2021-10-03 20:45:52,2232.8,2
2021-10-03 20:45:56,2233.2,5
2021-10-03 20:45:57,2233.2,2
2021-10-03 20:45:58,2233.0,1
2021-10-03 20:45:58,2232.9,1
2021-10-03 20:45:59,2232.8,1
2021-10-03 20:46:00,2232.8,3
2021-10-03 20:46:00,2232.9,2
2021-10-03 20:46:01,2232.7,1
2021-10-03 20:46:01,2232.5,3
2021-10-03 20:46:02,2232.4,2
2021-10-03 20:46:02,2232.3,3
2021-10-03 20:46:03,2232.2,1
2021-10-03 20:46:03,2232.4,3
2021-10-03 20:46:03,2232.5,6
2021-10-03 20:46:03,2232.6,8
2021-10-03 20:46:03,2232.7,8
2021-10-03 20:46:03,2232.8,5
2021-10-03 20:46:03,2232.9,7
2021-10-03 20:46:03,2232.8,3
2021-10-03 20:46:04,2233.0,5
2021-10-03 20:46:04,2232.9,2
2021-10-03 20:46:07,2232.8,1
2021-10-03 20:46:10,2232.9,3
2021-10-03 20:46:11,2233.0,2
2021-10-03 20:46:12,2233.0,3
2021-10-03 20:46:13,2233.1,1
2021-10-03 20:46:13,2233.0,1
2021-10-03 20:46:16,2233.0,1
2021-10-03 20:46:18,2233.2,6
2021-10-03 20:46:19,2233.3,1
2021-10-03 20:46:20,2233.4,3
2021-10-03 20:46:20,2233.3,2
2021-10-03 20:46:29,2233.3,3
2021-10-03 20:46:30,2233.2,2
2021-10-03 20:46:33,2233.2,1
2021-10-03 20:46:36,2232.9,2
2021-10-03 20:46:39,2233.0,2
2021-10-03 20:46:53,2233.0,2
2021-10-03 20:46:56,2233.0,1
2021-10-03 20:47:01,2232.8,1
2021-10-03 20:47:01,2232.6,1
2021-10-03 20:47:05,2232.6,1
2021-10-03 20:47:07,2232.6,1
2021-10-03 20:47:18,2232.4,2
2021-10-03 20:47:19,2232.3,1
2021-10-03 20:47:20,2232.5,2
2021-10-03 20:47:25,2232.5,1
2021-10-03 20:47:25,2232.6,4
2021-10-03 20:47:25,2232.7,1
2021-10-03 20:47:28,2232.7,2
2021-10-03 20:47:30,2232.6,2
2021-10-03 20:47:32,2232.4,1
2021-10-03 20:47:32,2232.3,1
2021-10-03 20:47:36,2232.4,3
