Date,Last,Volume
2021-10-03 18:00:00,1762.6,52
2021-10-03 18:00:00,1762.8,1
2021-10-03 18:00:00,1762.6,6
2021-10-03 18:00:00,1762.3,1
2021-10-03 18:00:00,1762.2,4
2021-10-03 18:00:00,1762.4,1
2021-10-03 18:00:00,1762.5,2
2021-10-03 18:00:00,1762.6,1
2021-10-03 18:00:00,1762.5,1
2021-10-03 18:00:00,1762.4,1
2021-10-03 18:00:01,1762.4,2
2021-10-03 18:00:01,1762.3,1
2021-10-03 18:00:01,1762.2,7
2021-10-03 18:00:01,1762.0,3
2021-10-03 18:00:02,1762.1,1
2021-10-03 18:00:03,1762.0,1
2021-10-03 18:00:03,1762.2,2
2021-10-03 18:00:03,1762.0,1
2021-10-03 18:00:05,1762.5,2
2021-10-03 18:00:09,1762.5,3
2021-10-03 18:00:10,1762.3,3
2021-10-03 18:00:10,1762.2,2
2021-10-03 18:00:11,1762.1,4
2021-10-03 18:00:11,1762.0,7
2021-10-03 18:00:12,1762.0,5
2021-10-03 18:00:12,1761.9,2
2021-10-03 18:00:12,1761.8,4
2021-10-03 18:00:12,1761.7,1
2021-10-03 18:00:12,1761.6,1
2021-10-03 18:00:12,1761.5,1
2021-10-03 18:00:13,1761.7,2
2021-10-03 18:00:15,1761.5,6
2021-10-03 18:00:16,1761.3,2
2021-10-03 18:00:16,1761.5,3
2021-10-03 18:00:18,1761.5,1
2021-10-03 18:00:20,1761.5,1
2021-10-03 18:00:22,1761.5,3
2021-10-03 18:00:22,1761.4,1
2021-10-03 18:00:24,1761.5,4
2021-10-03 18:00:30,1761.6,1
2021-10-03 18:00:31,1761.5,3
2021-10-03 18:00:31,1761.4,5
2021-10-03 18:00:31,1761.3,4
2021-10-03 18:00:31,1761.4,6
2021-10-03 18:00:31,1761.5,6
2021-10-03 18:00:33,1761.5,1
2021-10-03 18:00:44,1761.7,1
2021-10-03 18:00:50,1761.4,1
2021-10-03 18:00:52,1761.3,2
2021-10-03 18:00:54,1761.2,3
2021-10-03 18:00:55,1761.1,3
2021-10-03 18:00:56,1761.3,3
2021-10-03 18:01:01,1761.1,8
2021-10-03 18:01:01,1761.0,3
2021-10-03 18:01:01,1760.8,2
2021-10-03 18:01:02,1760.9,3
2021-10-03 18:01:04,1761.0,1
2021-10-03 18:01:04,1761.1,3
2021-10-03 18:01:04,1761.2,1
2021-10-03 18:01:04,1761.1,1
2021-10-03 18:01:05,1761.0,1
2021-10-03 18:01:05,1761.1,1
2021-10-03 18:01:05,1761.0,1
2021-10-03 18:01:06,1760.9,7
2021-10-03 18:01:06,1760.8,1
2021-10-03 18:01:06,1760.9,1
2021-10-03 18:01:06,1760.8,2
2021-10-03 18:01:06,1760.7,3
2021-10-03 18:01:07,1760.7,2
2021-10-03 18:01:10,1760.7,1
2021-10-03 18:01:12,1760.9,6
2021-10-03 18:01:14,1760.9,1
2021-10-03 18:01:16,1760.9,1
2021-10-03 18:01:21,1761.0,5
2021-10-03 18:01:23,1760.9,1
2021-10-03 18:01:26,1761.3,2
2021-10-03 18:01:29,1761.3,3
2021-10-03 18:01:29,1761.2,1
2021-10-03 18:01:32,1761.2,1
2021-10-03 18:01:35,1761.5,1
2021-10-03 18:01:37,1761.6,1
2021-10-03 18:01:39,1761.5,2
2021-10-03 18:01:39,1761.4,1
2021-10-03 18:01:41,1761.4,4
2021-10-03 18:02:01,1761.3,2
2021-10-03 18:02:15,1761.4,3
2021-10-03 18:02:16,1761.3,1
2021-10-03 18:02:17,1761.3,6
2021-10-03 18:02:20,1761.3,1
2021-10-03 18:02:31,1761.3,1
2021-10-03 18:02:34,1761.3,2
2021-10-03 18:02:42,1761.4,2
2021-10-03 18:02:46,1761.5,3
2021-10-03 18:02:50,1761.6,1
2021-10-03 18:02:51,1761.5,14
2021-10-03 18:03:01,1761.3,3
2021-10-03 18:03:18,1761.3,1
2021-10-03 18:03:34,1761.3,1
2021-10-03 18:03:42,1761.2,1
2021-10-03 18:03:46,1761.2,1
2021-10-03 18:04:00,1761.2,4
2021-10-03 18:04:01,1761.2,1
2021-10-03 18:04:02,1761.0,1
2021-10-03 18:04:06,1761.1,3
2021-10-03 18:04:07,1761.2,1
2021-10-03 18:04:15,1761.2,1
2021-10-03 18:04:15,1761.1,2
2021-10-03 18:04:15,1761.0,1
2021-10-03 18:04:15,1761.1,2
2021-10-03 18:04:17,1761.0,2
2021-10-03 18:04:23,1761.1,2
2021-10-03 18:04:27,1761.1,1
2021-10-03 18:04:29,1761.2,1
2021-10-03 18:04:29,1761.3,4
2021-10-03 18:04:30,1761.2,1
2021-10-03 18:04:34,1761.2,1
2021-10-03 18:04:40,1761.2,5
2021-10-03 18:04:42,1761.3,1
2021-10-03 18:04:49,1761.3,1
2021-10-03 18:05:00,1761.3,2
2021-10-03 18:05:02,1761.4,3
2021-10-03 18:05:02,1761.5,6
2021-10-03 18:05:03,1761.6,1
2021-10-03 18:05:08,1761.5,2
2021-10-03 18:05:10,1761.5,2
2021-10-03 18:05:11,1761.6,2
2021-10-03 18:05:14,1761.6,12
2021-10-03 18:05:15,1761.6,3
2021-10-03 18:05:16,1761.7,1
2021-10-03 18:05:18,1761.6,1
2021-10-03 18:05:18,1761.5,1
2021-10-03 18:05:19,1761.7,1
2021-10-03 18:05:23,1761.7,1
2021-10-03 18:05:27,1761.8,1
2021-10-03 18:05:33,1761.9,1
2021-10-03 18:05:49,1762.0,2
2021-10-03 18:05:49,1761.9,1
2021-10-03 18:05:50,1761.8,7
2021-10-03 18:05:51,1761.7,1
2021-10-03 18:05:53,1761.7,3
2021-10-03 18:05:55,1761.7,1
2021-10-03 18:06:02,1761.8,2
2021-10-03 18:06:05,1761.8,1
2021-10-03 18:06:07,1761.8,1
2021-10-03 18:06:10,1761.8,1
2021-10-03 18:06:12,1761.8,1
2021-10-03 18:06:16,1761.8,1
2021-10-03 18:06:16,1761.7,1
2021-10-03 18:06:17,1761.8,5
2021-10-03 18:06:35,1761.8,1
2021-10-03 18:06:35,1761.9,1
2021-10-03 18:06:38,1761.8,1
2021-10-03 18:06:40,1761.8,1
2021-10-03 18:06:41,1761.8,1
2021-10-03 18:06:41,1761.9,3
2021-10-03 18:06:44,1762.0,1
2021-10-03 18:06:45,1762.0,1
2021-10-03 18:06:46,1761.9,1
2021-10-03 18:06:51,1762.0,1
2021-10-03 18:06:56,1762.0,35
2021-10-03 18:07:00,1762.0,1
2021-10-03 18:07:02,1762.0,2
2021-10-03 18:07:07,1761.9,1
2021-10-03 18:07:12,1761.9,3
2021-10-03 18:07:14,1762.0,1
2021-10-03 18:07:20,1761.8,1
2021-10-03 18:07:34,1761.9,1
2021-10-03 18:07:35,1762.0,1
2021-10-03 18:07:39,1762.0,2
2021-10-03 18:07:41,1762.0,2
2021-10-03 18:07:42,1762.0,1
2021-10-03 18:07:47,1762.0,1
2021-10-03 18:08:01,1762.0,5
2021-10-03 18:08:03,1762.0,5
2021-10-03 18:08:04,1762.0,45
2021-10-03 18:08:04,1762.1,1
2021-10-03 18:08:04,1762.2,2
2021-10-03 18:08:15,1762.1,5
2021-10-03 18:08:22,1762.2,1
2021-10-03 18:08:35,1762.2,1
2021-10-03 18:08:40,1762.2,1
2021-10-03 18:08:41,1762.2,6
2021-10-03 18:08:46,1762.2,3
2021-10-03 18:08:46,1762.1,1
2021-10-03 18:08:56,1762.0,4
2021-10-03 18:09:00,1762.0,1
2021-10-03 18:09:08,1762.1,1
2021-10-03 18:09:14,1762.1,1
2021-10-03 18:09:22,1762.0,1
2021-10-03 18:09:22,1761.8,3
2021-10-03 18:09:26,1762.0,1
2021-10-03 18:09:48,1762.1,1
2021-10-03 18:09:55,1761.9,4
2021-10-03 18:09:55,1761.8,2
2021-10-03 18:10:00,1761.9,1
2021-10-03 18:10:02,1761.9,1
2021-10-03 18:10:04,1761.8,1
2021-10-03 18:10:04,1761.9,1
2021-10-03 18:10:05,1761.9,1
2021-10-03 18:10:06,1761.7,3
2021-10-03 18:10:07,1761.9,1
2021-10-03 18:10:10,1761.9,1
2021-10-03 18:10:10,1761.7,1
2021-10-03 18:10:11,1761.7,2
2021-10-03 18:10:14,1761.7,1
2021-10-03 18:10:42,1761.6,2
2021-10-03 18:10:42,1761.5,6
2021-10-03 18:10:43,1761.6,1
2021-10-03 18:11:06,1761.5,1
2021-10-03 18:11:08,1761.6,1
2021-10-03 18:11:09,1761.5,2
2021-10-03 18:11:25,1761.5,3
2021-10-03 18:11:26,1761.6,5
2021-10-03 18:11:30,1761.7,2
2021-10-03 18:11:33,1761.8,1
2021-10-03 18:12:07,1761.9,1
2021-10-03 18:12:19,1761.8,3
2021-10-03 18:12:34,1761.9,1
2021-10-03 18:12:37,1761.9,2
2021-10-03 18:12:39,1761.9,1
2021-10-03 18:12:40,1761.9,1
2021-10-03 18:12:44,1761.9,2
2021-10-03 18:12:50,1761.9,2
2021-10-03 18:13:01,1762.0,2
2021-10-03 18:13:07,1762.1,4
2021-10-03 18:13:08,1762.1,5
2021-10-03 18:13:13,1762.1,1
2021-10-03 18:13:17,1762.1,2
2021-10-03 18:13:28,1762.3,2
2021-10-03 18:13:45,1762.2,1
2021-10-03 18:13:52,1762.3,1
2021-10-03 18:14:00,1762.2,1
2021-10-03 18:14:01,1762.3,6
2021-10-03 18:14:02,1762.3,2
2021-10-03 18:14:08,1762.2,1
2021-10-03 18:14:11,1762.2,1
2021-10-03 18:14:20,1762.3,2
2021-10-03 18:14:22,1762.4,1
2021-10-03 18:14:30,1762.4,1
2021-10-03 18:14:32,1762.5,2
2021-10-03 18:14:33,1762.4,2
2021-10-03 18:14:56,1762.5,3
2021-10-03 18:14:56,1762.4,3
2021-10-03 18:15:01,1762.5,5
2021-10-03 18:15:04,1762.5,1
2021-10-03 18:15:09,1762.5,1
2021-10-03 18:15:11,1762.6,2
2021-10-03 18:15:18,1762.6,2
2021-10-03 18:15:20,1762.7,1
2021-10-03 18:15:20,1762.6,1
2021-10-03 18:15:21,1762.6,3
2021-10-03 18:15:22,1762.6,2
2021-10-03 18:15:37,1762.7,5
2021-10-03 18:15:39,1762.7,1
2021-10-03 18:15:42,1762.6,1
2021-10-03 18:15:59,1762.7,5
2021-10-03 18:16:04,1762.7,1
2021-10-03 18:16:05,1762.7,4
2021-10-03 18:16:10,1762.7,1
2021-10-03 18:16:10,1762.6,5
2021-10-03 18:16:10,1762.5,5
2021-10-03 18:16:10,1762.4,6
2021-10-03 18:16:10,1762.3,2
2021-10-03 18:16:23,1762.5,3
2021-10-03 18:16:26,1762.5,1
2021-10-03 18:16:29,1762.5,1
2021-10-03 18:16:34,1762.5,1
2021-10-03 18:16:36,1762.5,1
2021-10-03 18:16:56,1762.6,2
2021-10-03 18:17:08,1762.7,1
2021-10-03 18:17:22,1762.7,1
2021-10-03 18:17:32,1762.7,1
2021-10-03 18:17:33,1762.7,2
2021-10-03 18:17:33,1762.8,5
2021-10-03 18:17:35,1762.8,1
2021-10-03 18:17:37,1762.8,2
2021-10-03 18:17:38,1762.8,1
2021-10-03 18:17:39,1762.8,5
2021-10-03 18:17:42,1762.8,1
2021-10-03 18:17:46,1762.8,7
2021-10-03 18:17:46,1762.9,7
2021-10-03 18:17:51,1762.9,1
2021-10-03 18:18:28,1762.8,1
2021-10-03 18:18:37,1762.8,1
2021-10-03 18:18:43,1762.8,2
2021-10-03 18:18:47,1762.9,1
2021-10-03 18:18:55,1762.9,2
2021-10-03 18:19:03,1763.0,16
2021-10-03 18:19:09,1763.0,8
2021-10-03 18:19:12,1762.9,1
2021-10-03 18:19:19,1763.0,1
2021-10-03 18:19:21,1763.0,1
2021-10-03 18:19:30,1763.0,7
2021-10-03 18:19:34,1763.0,55
2021-10-03 18:19:34,1763.2,4
2021-10-03 18:19:34,1763.3,5
2021-10-03 18:19:34,1763.4,9
2021-10-03 18:19:34,1763.5,1
2021-10-03 18:19:34,1763.3,5
2021-10-03 18:19:35,1763.3,6
2021-10-03 18:19:37,1763.4,1
2021-10-03 18:19:37,1763.3,2
2021-10-03 18:19:37,1763.4,2
2021-10-03 18:19:38,1763.3,1
2021-10-03 18:19:38,1763.2,5
2021-10-03 18:19:44,1763.3,5
2021-10-03 18:19:46,1763.3,2
2021-10-03 18:19:46,1763.2,1
2021-10-03 18:19:52,1763.3,4
2021-10-03 18:19:55,1763.3,6
2021-10-03 18:20:02,1763.4,2
2021-10-03 18:20:04,1763.4,1
2021-10-03 18:20:10,1763.4,1
2021-10-03 18:20:14,1763.5,2
2021-10-03 18:20:15,1763.6,1
2021-10-03 18:20:15,1763.7,5
2021-10-03 18:20:15,1763.8,3
2021-10-03 18:20:15,1763.7,2
2021-10-03 18:20:15,1763.6,3
2021-10-03 18:20:18,1763.6,3
2021-10-03 18:20:18,1763.5,7
2021-10-03 18:20:18,1763.4,7
2021-10-03 18:20:18,1763.3,8
2021-10-03 18:20:18,1763.2,25
2021-10-03 18:20:21,1763.3,1
2021-10-03 18:20:27,1763.4,1
2021-10-03 18:20:35,1763.5,3
2021-10-03 18:20:37,1763.5,1
2021-10-03 18:20:39,1763.4,1
2021-10-03 18:20:49,1763.3,1
2021-10-03 18:20:52,1763.4,3
2021-10-03 18:20:52,1763.5,6
2021-10-03 18:20:57,1763.7,1
2021-10-03 18:21:02,1763.7,3
2021-10-03 18:21:02,1763.8,12
2021-10-03 18:21:07,1763.9,3
2021-10-03 18:21:14,1764.0,2
2021-10-03 18:21:15,1764.1,2
2021-10-03 18:21:17,1764.1,1
2021-10-03 18:21:18,1764.1,1
2021-10-03 18:21:18,1764.2,1
2021-10-03 18:21:18,1764.3,1
2021-10-03 18:21:22,1764.1,4
2021-10-03 18:21:23,1764.1,1
2021-10-03 18:21:32,1764.0,3
2021-10-03 18:21:36,1764.0,2
2021-10-03 18:21:39,1764.0,1
2021-10-03 18:21:40,1764.1,4
2021-10-03 18:21:40,1764.2,6
2021-10-03 18:21:40,1764.3,12
2021-10-03 18:21:40,1764.4,20
2021-10-03 18:21:40,1764.5,9
2021-10-03 18:21:40,1764.4,1
2021-10-03 18:21:40,1764.5,4
2021-10-03 18:21:42,1764.6,6
2021-10-03 18:21:42,1764.7,15
2021-10-03 18:21:42,1764.8,13
2021-10-03 18:21:42,1764.9,1
2021-10-03 18:21:44,1764.6,2
2021-10-03 18:21:45,1764.6,1
2021-10-03 18:21:51,1764.7,4
2021-10-03 18:21:51,1764.6,2
2021-10-03 18:21:51,1764.7,1
2021-10-03 18:21:55,1764.6,9
2021-10-03 18:21:55,1764.5,2
2021-10-03 18:21:58,1764.5,1
2021-10-03 18:21:59,1764.4,1
2021-10-03 18:22:00,1764.3,1
2021-10-03 18:22:02,1764.5,3
2021-10-03 18:22:27,1764.7,1
2021-10-03 18:22:27,1764.8,4
2021-10-03 18:22:29,1764.8,1
2021-10-03 18:22:33,1764.8,2
2021-10-03 18:22:35,1764.9,1
2021-10-03 18:22:36,1764.8,6
2021-10-03 18:22:39,1764.7,22
2021-10-03 18:22:39,1764.6,5
2021-10-03 18:22:39,1764.5,5
2021-10-03 18:22:39,1764.4,7
2021-10-03 18:22:39,1764.3,3
2021-10-03 18:22:39,1764.2,3
2021-10-03 18:22:39,1764.3,2
2021-10-03 18:22:50,1764.1,2
2021-10-03 18:22:58,1764.0,1
2021-10-03 18:23:01,1764.1,2
2021-10-03 18:23:02,1764.1,2
2021-10-03 18:23:03,1764.0,1
2021-10-03 18:23:09,1764.1,1
2021-10-03 18:23:16,1764.1,1
2021-10-03 18:23:22,1764.1,2
2021-10-03 18:23:28,1764.0,1
2021-10-03 18:23:33,1764.0,2
2021-10-03 18:23:47,1764.0,1
2021-10-03 18:23:59,1764.1,1
2021-10-03 18:24:00,1764.2,1
2021-10-03 18:24:00,1764.1,1
2021-10-03 18:24:02,1764.0,4
2021-10-03 18:24:02,1763.9,3
2021-10-03 18:24:03,1763.8,1
2021-10-03 18:24:03,1763.9,1
2021-10-03 18:24:03,1763.8,9
2021-10-03 18:24:09,1763.9,3
2021-10-03 18:24:09,1764.0,10
2021-10-03 18:24:19,1764.1,1
2021-10-03 18:24:19,1764.3,1
2021-10-03 18:24:28,1764.7,7
2021-10-03 18:24:28,1764.6,1
2021-10-03 18:24:32,1764.2,1
2021-10-03 18:24:34,1764.3,1
2021-10-03 18:24:35,1764.4,2
2021-10-03 18:24:35,1764.5,3
2021-10-03 18:24:42,1764.5,1
2021-10-03 18:24:47,1764.6,1
2021-10-03 18:25:04,1764.4,1
2021-10-03 18:25:05,1764.6,1
2021-10-03 18:25:08,1764.6,1
2021-10-03 18:25:18,1764.8,2
2021-10-03 18:25:18,1764.9,3
2021-10-03 18:25:19,1764.7,1
2021-10-03 18:25:26,1764.7,1
2021-10-03 18:25:29,1764.7,1
2021-10-03 18:25:29,1764.8,1
2021-10-03 18:25:36,1764.6,2
2021-10-03 18:25:42,1764.6,3
2021-10-03 18:25:46,1764.7,15
2021-10-03 18:25:51,1764.8,4
2021-10-03 18:26:02,1764.9,1
2021-10-03 18:26:02,1765.0,23
2021-10-03 18:26:02,1765.1,4
2021-10-03 18:26:02,1765.0,1
2021-10-03 18:26:02,1765.1,1
2021-10-03 18:26:02,1765.2,5
2021-10-03 18:26:02,1765.3,6
2021-10-03 18:26:02,1765.4,5
2021-10-03 18:26:02,1765.5,11
2021-10-03 18:26:02,1765.6,31
2021-10-03 18:26:02,1765.7,1
2021-10-03 18:26:02,1765.6,1
2021-10-03 18:26:02,1765.5,1
2021-10-03 18:26:02,1765.6,3
2021-10-03 18:26:02,1765.4,3
2021-10-03 18:26:02,1765.5,10
2021-10-03 18:26:02,1765.6,4
2021-10-03 18:26:02,1765.5,2
2021-10-03 18:26:02,1765.7,2
2021-10-03 18:26:02,1765.6,2
2021-10-03 18:26:02,1765.7,2
2021-10-03 18:26:02,1765.6,1
2021-10-03 18:26:02,1765.5,1
2021-10-03 18:26:02,1765.7,2
2021-10-03 18:26:02,1765.6,1
2021-10-03 18:26:02,1765.7,1
2021-10-03 18:26:02,1765.6,4
2021-10-03 18:26:02,1765.7,2
2021-10-03 18:26:02,1765.8,3
2021-10-03 18:26:02,1765.7,1
2021-10-03 18:26:02,1765.6,4
2021-10-03 18:26:02,1765.5,1
2021-10-03 18:26:02,1765.4,2
2021-10-03 18:26:02,1765.5,1
2021-10-03 18:26:02,1765.4,1
2021-10-03 18:26:02,1765.3,2
2021-10-03 18:26:03,1765.5,1
2021-10-03 18:26:03,1765.6,2
2021-10-03 18:26:03,1765.5,1
2021-10-03 18:26:03,1765.4,2
2021-10-03 18:26:03,1765.6,3
2021-10-03 18:26:03,1765.7,1
2021-10-03 18:26:03,1765.6,1
2021-10-03 18:26:03,1765.7,1
2021-10-03 18:26:03,1765.5,6
2021-10-03 18:26:03,1765.6,6
2021-10-03 18:26:04,1765.7,4
2021-10-03 18:26:04,1765.8,8
2021-10-03 18:26:04,1765.9,9
2021-10-03 18:26:04,1766.0,59
2021-10-03 18:26:04,1765.9,2
2021-10-03 18:26:04,1766.0,4
2021-10-03 18:26:04,1765.9,1
2021-10-03 18:26:04,1765.8,1
2021-10-03 18:26:04,1765.7,4
2021-10-03 18:26:04,1765.6,2
2021-10-03 18:26:04,1765.5,4
2021-10-03 18:26:05,1765.6,2
2021-10-03 18:26:06,1765.6,1
2021-10-03 18:26:07,1765.4,5
2021-10-03 18:26:09,1765.4,1
2021-10-03 18:26:09,1765.6,1
2021-10-03 18:26:10,1765.6,1
2021-10-03 18:26:11,1765.4,4
2021-10-03 18:26:11,1765.5,1
2021-10-03 18:26:12,1765.4,1
2021-10-03 18:26:13,1765.3,4
2021-10-03 18:26:13,1765.2,6
2021-10-03 18:26:13,1765.3,1
2021-10-03 18:26:13,1765.2,3
2021-10-03 18:26:14,1764.8,5
2021-10-03 18:26:16,1764.8,1
2021-10-03 18:26:16,1764.7,1
2021-10-03 18:26:16,1764.8,1
2021-10-03 18:26:17,1764.8,8
2021-10-03 18:26:19,1764.6,14
2021-10-03 18:26:20,1764.8,4
2021-10-03 18:26:21,1764.9,2
2021-10-03 18:26:21,1765.0,2
2021-10-03 18:26:21,1764.9,1
2021-10-03 18:26:21,1765.0,1
2021-10-03 18:26:22,1764.7,1
2021-10-03 18:26:25,1764.8,3
2021-10-03 18:26:26,1764.8,3
2021-10-03 18:26:29,1764.8,3
2021-10-03 18:26:29,1764.7,10
2021-10-03 18:26:30,1764.7,1
2021-10-03 18:26:32,1764.6,3
2021-10-03 18:26:35,1764.6,1
2021-10-03 18:26:36,1764.6,4
2021-10-03 18:26:38,1764.7,1
2021-10-03 18:26:38,1764.6,7
2021-10-03 18:26:39,1764.6,1
2021-10-03 18:26:39,1764.7,1
2021-10-03 18:26:39,1764.6,1
2021-10-03 18:26:39,1764.7,1
2021-10-03 18:26:39,1764.6,3
2021-10-03 18:26:49,1764.7,3
2021-10-03 18:26:56,1764.9,1
2021-10-03 18:26:56,1764.8,1
2021-10-03 18:26:59,1764.7,3
2021-10-03 18:27:02,1764.8,10
2021-10-03 18:27:06,1764.8,1
2021-10-03 18:27:09,1764.7,3
2021-10-03 18:27:09,1764.6,12
2021-10-03 18:27:09,1764.7,3
2021-10-03 18:27:09,1764.6,3
2021-10-03 18:27:10,1764.6,7
2021-10-03 18:27:11,1764.7,10
2021-10-03 18:27:13,1764.8,3
2021-10-03 18:27:17,1764.9,1
2021-10-03 18:27:19,1764.9,1
2021-10-03 18:27:19,1765.0,6
2021-10-03 18:27:19,1765.1,7
2021-10-03 18:27:19,1765.2,1
2021-10-03 18:27:26,1765.2,1
2021-10-03 18:27:29,1765.0,1
2021-10-03 18:27:38,1764.9,5
2021-10-03 18:27:39,1764.9,1
2021-10-03 18:27:40,1765.0,4
2021-10-03 18:27:55,1765.2,4
2021-10-03 18:27:56,1765.4,1
2021-10-03 18:28:02,1765.3,1
2021-10-03 18:28:03,1765.4,1
2021-10-03 18:28:05,1765.4,1
2021-10-03 18:28:06,1765.2,1
2021-10-03 18:28:11,1765.2,1
2021-10-03 18:28:17,1765.0,1
2021-10-03 18:28:17,1764.9,1
2021-10-03 18:28:17,1764.8,1
2021-10-03 18:28:18,1764.8,3
2021-10-03 18:28:21,1764.8,3
2021-10-03 18:28:28,1764.9,5
2021-10-03 18:28:28,1765.0,9
2021-10-03 18:28:28,1765.1,4
2021-10-03 18:28:31,1765.2,1
2021-10-03 18:28:36,1765.1,2
2021-10-03 18:28:36,1765.2,5
2021-10-03 18:28:36,1765.3,4
2021-10-03 18:28:36,1765.2,1
2021-10-03 18:28:38,1765.2,3
2021-10-03 18:28:42,1765.4,1
2021-10-03 18:28:47,1765.5,2
2021-10-03 18:28:47,1765.6,2
2021-10-03 18:28:49,1765.8,1
2021-10-03 18:28:49,1765.9,1
2021-10-03 18:28:50,1765.8,4
2021-10-03 18:28:51,1765.7,3
2021-10-03 18:28:52,1765.9,1
2021-10-03 18:28:59,1765.9,4
2021-10-03 18:28:59,1766.0,6
2021-10-03 18:28:59,1766.1,1
2021-10-03 18:29:00,1766.0,5
2021-10-03 18:29:00,1765.9,4
2021-10-03 18:29:00,1765.8,1
2021-10-03 18:29:06,1765.2,5
2021-10-03 18:29:07,1765.3,4
2021-10-03 18:29:07,1765.4,2
2021-10-03 18:29:11,1765.5,1
2021-10-03 18:29:20,1765.5,1
2021-10-03 18:29:21,1765.5,1
2021-10-03 18:29:23,1765.6,1
2021-10-03 18:29:25,1765.6,3
2021-10-03 18:29:27,1765.6,2
2021-10-03 18:29:33,1765.7,3
2021-10-03 18:29:39,1765.8,1
2021-10-03 18:29:43,1765.7,1
2021-10-03 18:29:45,1765.9,1
2021-10-03 18:29:47,1766.0,3
2021-10-03 18:29:48,1765.9,3
2021-10-03 18:29:48,1765.8,1
2021-10-03 18:29:58,1765.8,2
2021-10-03 18:29:58,1765.7,2
2021-10-03 18:30:01,1766.0,4
2021-10-03 18:30:01,1766.1,2
2021-10-03 18:30:02,1766.0,3
2021-10-03 18:30:03,1766.1,1
2021-10-03 18:30:07,1766.0,5
2021-10-03 18:30:21,1766.0,1
2021-10-03 18:30:21,1766.1,5
2021-10-03 18:30:21,1766.2,3
2021-10-03 18:30:23,1766.2,1
2021-10-03 18:30:23,1766.1,8
2021-10-03 18:30:24,1766.0,1
2021-10-03 18:30:27,1766.0,3
2021-10-03 18:30:28,1766.0,1
2021-10-03 18:30:29,1766.0,5
2021-10-03 18:30:33,1766.1,5
2021-10-03 18:30:39,1766.0,2
2021-10-03 18:30:39,1765.9,8
2021-10-03 18:30:39,1765.8,2
2021-10-03 18:30:44,1765.7,1
2021-10-03 18:30:49,1765.7,1
2021-10-03 18:30:50,1765.6,1
2021-10-03 18:30:58,1765.7,1
2021-10-03 18:31:02,1765.6,2
2021-10-03 18:31:02,1765.7,1
2021-10-03 18:31:08,1765.5,3
2021-10-03 18:31:12,1765.4,2
2021-10-03 18:31:13,1765.3,2
2021-10-03 18:31:19,1765.6,3
2021-10-03 18:31:20,1765.7,1
2021-10-03 18:31:22,1765.7,1
2021-10-03 18:31:26,1765.7,3
2021-10-03 18:31:27,1765.8,1
2021-10-03 18:31:35,1765.8,1
2021-10-03 18:31:37,1765.8,3
2021-10-03 18:31:42,1765.7,3
2021-10-03 18:31:45,1765.7,1
2021-10-03 18:31:46,1765.8,2
2021-10-03 18:31:59,1765.7,1
2021-10-03 18:31:59,1765.9,4
2021-10-03 18:32:02,1766.2,1
2021-10-03 18:32:02,1766.0,1
2021-10-03 18:32:04,1765.9,1
2021-10-03 18:32:04,1766.0,5
2021-10-03 18:32:07,1766.0,1
2021-10-03 18:32:13,1766.0,1
2021-10-03 18:32:14,1766.1,3
2021-10-03 18:32:16,1766.1,3
2021-10-03 18:32:22,1765.8,3
2021-10-03 18:32:24,1765.7,1
2021-10-03 18:32:28,1765.8,1
2021-10-03 18:32:29,1765.8,1
2021-10-03 18:32:31,1765.8,1
2021-10-03 18:32:31,1765.9,5
2021-10-03 18:32:45,1765.9,3
2021-10-03 18:32:48,1766.0,1
2021-10-03 18:32:49,1765.9,1
2021-10-03 18:32:52,1766.0,3
2021-10-03 18:32:52,1765.9,3
2021-10-03 18:32:52,1765.8,9
2021-10-03 18:32:55,1765.8,1
2021-10-03 18:32:56,1765.8,1
2021-10-03 18:32:58,1765.8,5
2021-10-03 18:33:01,1765.9,4
2021-10-03 18:33:02,1765.8,7
2021-10-03 18:33:02,1765.9,4
2021-10-03 18:33:04,1765.8,5
2021-10-03 18:33:04,1765.9,2
2021-10-03 18:33:06,1766.0,1
2021-10-03 18:33:06,1765.9,1
2021-10-03 18:33:09,1765.8,6
2021-10-03 18:33:10,1765.8,3
2021-10-03 18:33:12,1765.9,1
2021-10-03 18:33:12,1765.8,1
2021-10-03 18:33:14,1765.8,3
2021-10-03 18:33:16,1765.8,6
2021-10-03 18:33:19,1765.8,1
2021-10-03 18:33:21,1765.8,3
2021-10-03 18:33:22,1765.8,1
2021-10-03 18:33:23,1765.8,40
2021-10-03 18:33:24,1765.8,8
2021-10-03 18:33:25,1765.9,1
2021-10-03 18:33:25,1765.8,11
2021-10-03 18:33:26,1765.8,1
2021-10-03 18:33:27,1765.8,3
2021-10-03 18:33:27,1765.9,1
2021-10-03 18:33:28,1765.8,3
2021-10-03 18:33:28,1765.7,2
2021-10-03 18:33:28,1765.6,5
2021-10-03 18:33:28,1765.5,5
2021-10-03 18:33:29,1765.5,3
2021-10-03 18:33:29,1765.4,2
2021-10-03 18:33:33,1765.4,5
2021-10-03 18:33:35,1765.3,1
2021-10-03 18:33:36,1765.5,1
2021-10-03 18:33:46,1765.5,5
2021-10-03 18:33:46,1765.4,1
2021-10-03 18:33:51,1765.3,3
2021-10-03 18:33:54,1765.3,2
2021-10-03 18:34:00,1765.3,4
2021-10-03 18:34:05,1765.2,7
2021-10-03 18:34:11,1765.1,4
2021-10-03 18:34:13,1765.1,3
2021-10-03 18:34:14,1765.1,2
2021-10-03 18:34:15,1765.1,3
2021-10-03 18:34:18,1765.1,2
2021-10-03 18:34:20,1765.0,5
2021-10-03 18:34:22,1765.0,1
2021-10-03 18:34:25,1765.1,2
2021-10-03 18:34:28,1765.2,2
2021-10-03 18:34:28,1765.3,2
2021-10-03 18:34:43,1765.1,2
2021-10-03 18:34:43,1765.0,4
2021-10-03 18:34:43,1764.9,9
2021-10-03 18:34:43,1764.8,15
2021-10-03 18:34:43,1765.0,3
2021-10-03 18:34:43,1765.1,2
2021-10-03 18:34:45,1765.1,1
2021-10-03 18:34:45,1765.0,1
2021-10-03 18:34:45,1765.1,2
2021-10-03 18:34:46,1765.0,1
2021-10-03 18:34:46,1765.2,4
2021-10-03 18:34:46,1765.3,4
2021-10-03 18:34:50,1765.3,1
2021-10-03 18:34:54,1765.3,1
2021-10-03 18:34:59,1765.3,26
2021-10-03 18:35:00,1765.3,1
2021-10-03 18:35:01,1765.3,1
2021-10-03 18:35:04,1765.4,1
2021-10-03 18:35:08,1765.3,1
2021-10-03 18:35:22,1765.4,1
2021-10-03 18:35:32,1765.3,3
2021-10-03 18:35:38,1765.3,1
2021-10-03 18:35:39,1765.4,4
2021-10-03 18:35:44,1765.5,2
2021-10-03 18:35:44,1765.6,6
2021-10-03 18:35:44,1765.7,7
2021-10-03 18:35:44,1765.8,5
2021-10-03 18:35:46,1765.8,4
2021-10-03 18:35:55,1765.9,1
2021-10-03 18:35:56,1765.9,1
2021-10-03 18:35:57,1766.0,2
2021-10-03 18:36:00,1765.9,1
2021-10-03 18:36:03,1765.9,2
2021-10-03 18:36:03,1766.0,2
2021-10-03 18:36:04,1766.0,3
2021-10-03 18:36:12,1766.0,2
2021-10-03 18:36:13,1766.1,2
2021-10-03 18:36:16,1766.2,2
2021-10-03 18:36:17,1766.2,1
2021-10-03 18:36:21,1766.2,1
2021-10-03 18:36:21,1766.1,1
2021-10-03 18:36:28,1766.2,6
2021-10-03 18:36:28,1766.3,6
2021-10-03 18:36:28,1766.2,3
2021-10-03 18:36:30,1766.1,1
2021-10-03 18:36:40,1766.0,2
2021-10-03 18:36:50,1766.0,1
2021-10-03 18:36:56,1765.9,1
2021-10-03 18:36:57,1765.9,1
2021-10-03 18:36:58,1765.8,1
2021-10-03 18:37:00,1766.0,1
2021-10-03 18:37:02,1766.0,1
2021-10-03 18:37:05,1766.1,1
2021-10-03 18:37:10,1766.1,1
2021-10-03 18:37:34,1765.8,2
2021-10-03 18:37:35,1765.8,1
2021-10-03 18:37:37,1765.7,3
2021-10-03 18:37:37,1765.6,1
2021-10-03 18:37:40,1765.7,4
2021-10-03 18:37:44,1765.6,1
2021-10-03 18:37:46,1765.5,2
2021-10-03 18:37:49,1765.5,1
2021-10-03 18:37:51,1765.6,2
2021-10-03 18:37:56,1765.5,1
2021-10-03 18:37:57,1765.6,1
2021-10-03 18:38:01,1765.7,1
2021-10-03 18:38:03,1765.7,4
2021-10-03 18:38:08,1765.7,3
2021-10-03 18:38:33,1765.6,3
2021-10-03 18:38:35,1765.6,4
2021-10-03 18:38:35,1765.7,9
2021-10-03 18:38:35,1765.8,1
2021-10-03 18:38:57,1765.9,1
2021-10-03 18:39:02,1765.9,1
2021-10-03 18:39:09,1765.8,1
2021-10-03 18:39:22,1765.9,2
2021-10-03 18:39:22,1765.8,7
2021-10-03 18:39:22,1765.7,2
2021-10-03 18:39:24,1765.7,12
2021-10-03 18:39:28,1765.8,1
2021-10-03 18:39:28,1765.7,1
2021-10-03 18:39:29,1765.7,1
2021-10-03 18:39:29,1765.8,1
2021-10-03 18:39:30,1765.7,3
2021-10-03 18:39:30,1765.8,5
2021-10-03 18:39:30,1765.7,2
2021-10-03 18:39:30,1765.8,1
2021-10-03 18:39:30,1765.7,1
2021-10-03 18:39:30,1765.6,1
2021-10-03 18:39:31,1765.4,1
2021-10-03 18:39:36,1765.6,1
2021-10-03 18:39:38,1765.5,1
2021-10-03 18:39:46,1765.6,1
2021-10-03 18:39:49,1765.6,1
2021-10-03 18:39:54,1765.6,1
2021-10-03 18:39:56,1765.5,2
2021-10-03 18:40:01,1765.4,5
2021-10-03 18:40:04,1765.3,2
2021-10-03 18:40:06,1765.4,2
2021-10-03 18:40:11,1765.3,1
2021-10-03 18:40:15,1765.2,2
2021-10-03 18:40:18,1765.1,7
2021-10-03 18:40:25,1765.1,1
2021-10-03 18:40:25,1765.0,7
2021-10-03 18:40:25,1764.9,1
2021-10-03 18:40:25,1765.0,5
2021-10-03 18:40:27,1765.1,2
2021-10-03 18:40:31,1765.0,1
2021-10-03 18:41:01,1765.0,1
2021-10-03 18:41:01,1765.1,4
2021-10-03 18:41:13,1765.0,3
2021-10-03 18:41:22,1765.0,9
2021-10-03 18:41:35,1764.8,1
2021-10-03 18:41:35,1764.9,2
2021-10-03 18:41:37,1764.9,2
2021-10-03 18:42:02,1764.9,1
2021-10-03 18:42:05,1764.9,3
2021-10-03 18:42:16,1765.0,4
2021-10-03 18:42:17,1765.1,7
2021-10-03 18:42:25,1765.1,1
2021-10-03 18:42:32,1765.1,2
2021-10-03 18:42:34,1765.2,1
2021-10-03 18:42:45,1765.2,1
2021-10-03 18:42:53,1765.2,1
2021-10-03 18:42:59,1765.1,28
2021-10-03 18:43:01,1765.1,2
2021-10-03 18:43:05,1765.1,2
2021-10-03 18:43:08,1765.2,1
2021-10-03 18:43:13,1765.1,1
2021-10-03 18:43:15,1765.1,1
2021-10-03 18:43:25,1765.2,1
2021-10-03 18:43:27,1765.1,7
2021-10-03 18:43:27,1765.0,3
2021-10-03 18:43:38,1765.0,1
2021-10-03 18:43:40,1765.0,1
2021-10-03 18:43:53,1765.0,1
2021-10-03 18:43:59,1765.1,5
2021-10-03 18:44:09,1765.1,1
2021-10-03 18:44:19,1765.2,6
2021-10-03 18:44:19,1765.3,2
2021-10-03 18:44:20,1765.3,2
2021-10-03 18:44:27,1765.4,1
2021-10-03 18:44:38,1765.4,2
2021-10-03 18:44:40,1765.5,1
2021-10-03 18:44:46,1765.4,1
2021-10-03 18:44:50,1765.4,2
2021-10-03 18:44:54,1765.4,1
2021-10-03 18:45:01,1765.4,3
2021-10-03 18:45:04,1765.3,2
2021-10-03 18:45:04,1765.2,7
2021-10-03 18:45:05,1765.1,1
2021-10-03 18:45:07,1765.2,2
2021-10-03 18:45:16,1765.1,1
2021-10-03 18:45:18,1765.1,1
2021-10-03 18:45:24,1765.0,1
2021-10-03 18:45:25,1765.1,2
2021-10-03 18:45:42,1765.1,1
2021-10-03 18:46:00,1765.2,1
2021-10-03 18:46:03,1765.1,1
2021-10-03 18:46:15,1765.1,2
2021-10-03 18:46:15,1765.3,7
2021-10-03 18:46:40,1765.5,1
2021-10-03 18:46:50,1765.4,1
2021-10-03 18:47:01,1765.4,1
2021-10-03 18:47:11,1765.3,1
2021-10-03 18:47:32,1765.3,1
2021-10-03 18:47:40,1765.4,1
2021-10-03 18:47:48,1765.5,1
2021-10-03 18:47:53,1765.5,8
2021-10-03 18:47:57,1765.5,1
2021-10-03 18:48:02,1765.4,2
2021-10-03 18:48:02,1765.3,1
2021-10-03 18:48:19,1765.4,1
2021-10-03 18:48:29,1765.4,1
2021-10-03 18:48:56,1765.5,2
2021-10-03 18:49:05,1765.5,1
2021-10-03 18:49:35,1765.5,1
2021-10-03 18:49:36,1765.6,1
2021-10-03 18:49:38,1765.6,1
2021-10-03 18:50:00,1765.5,2
2021-10-03 18:50:01,1765.4,2
2021-10-03 18:50:16,1765.3,1
2021-10-03 18:50:16,1765.2,4
2021-10-03 18:50:20,1765.2,6
2021-10-03 18:50:24,1765.0,1
2021-10-03 18:50:29,1765.0,6
2021-10-03 18:50:38,1765.1,5
2021-10-03 18:50:41,1765.1,1
2021-10-03 18:50:59,1765.1,1
2021-10-03 18:51:01,1765.0,3
2021-10-03 18:51:01,1765.1,1
2021-10-03 18:51:02,1765.0,1
2021-10-03 18:51:02,1765.1,2
2021-10-03 18:51:06,1765.1,1
2021-10-03 18:51:09,1765.1,2
2021-10-03 18:51:09,1765.0,1
2021-10-03 18:51:21,1765.0,1
2021-10-03 18:51:25,1765.0,1
2021-10-03 18:51:25,1765.1,5
2021-10-03 18:51:25,1765.2,1
2021-10-03 18:51:35,1765.0,1
2021-10-03 18:51:54,1765.0,1
2021-10-03 18:51:55,1765.0,1
2021-10-03 18:52:09,1765.0,2
2021-10-03 18:52:13,1765.0,1
2021-10-03 18:52:16,1765.0,2
2021-10-03 18:52:31,1764.9,15
2021-10-03 18:52:41,1764.9,5
2021-10-03 18:52:44,1765.0,2
2021-10-03 18:53:08,1765.0,3
2021-10-03 18:53:21,1765.0,20
2021-10-03 18:53:23,1765.0,1
2021-10-03 18:53:35,1764.9,4
2021-10-03 18:54:07,1764.9,5
2021-10-03 18:54:13,1765.0,12
2021-10-03 18:54:16,1765.0,2
2021-10-03 18:54:29,1765.1,1
2021-10-03 18:54:31,1765.0,1
2021-10-03 18:54:31,1765.1,1
2021-10-03 18:54:57,1765.1,3
2021-10-03 18:55:01,1765.0,7
2021-10-03 18:55:05,1765.1,1
2021-10-03 18:55:06,1765.0,1
2021-10-03 18:55:07,1764.9,1
2021-10-03 18:56:25,1765.0,1
2021-10-03 18:56:25,1764.9,1
2021-10-03 18:56:33,1764.9,1
2021-10-03 18:57:59,1765.0,1
2021-10-03 18:58:03,1765.0,1
2021-10-03 18:58:22,1764.9,2
2021-10-03 18:59:19,1764.9,1
2021-10-03 18:59:39,1764.9,17
2021-10-03 18:59:39,1764.8,146
2021-10-03 18:59:40,1764.8,9
2021-10-03 18:59:58,1764.7,3
2021-10-03 19:00:00,1764.7,6
2021-10-03 19:00:01,1764.7,7
2021-10-03 19:00:01,1764.6,2
2021-10-03 19:00:01,1764.7,1
2021-10-03 19:00:03,1764.6,1
2021-10-03 19:00:05,1764.5,3
2021-10-03 19:00:10,1764.5,2
2021-10-03 19:00:11,1764.5,1
2021-10-03 19:00:23,1764.5,1
2021-10-03 19:00:44,1764.4,6
2021-10-03 19:00:44,1764.3,3
2021-10-03 19:00:46,1764.2,2
2021-10-03 19:00:50,1764.2,1
2021-10-03 19:00:52,1764.2,1
2021-10-03 19:00:54,1764.3,1
2021-10-03 19:00:54,1764.2,1
2021-10-03 19:01:02,1764.2,1
2021-10-03 19:01:03,1764.2,2
2021-10-03 19:01:04,1764.2,3
2021-10-03 19:01:06,1764.2,2
2021-10-03 19:01:13,1764.2,1
2021-10-03 19:01:14,1764.2,1
2021-10-03 19:01:27,1764.3,1
2021-10-03 19:01:28,1764.3,1
2021-10-03 19:01:30,1764.3,1
2021-10-03 19:01:46,1764.4,6
2021-10-03 19:01:46,1764.5,1
2021-10-03 19:01:53,1764.6,1
2021-10-03 19:02:03,1764.5,2
2021-10-03 19:02:08,1764.4,1
2021-10-03 19:03:09,1764.5,1
2021-10-03 19:03:17,1764.6,1
2021-10-03 19:03:19,1764.6,4
2021-10-03 19:03:39,1764.7,1
2021-10-03 19:03:56,1764.8,1
2021-10-03 19:03:56,1764.9,1
2021-10-03 19:03:59,1764.9,11
2021-10-03 19:03:59,1764.7,1
2021-10-03 19:04:00,1764.8,1
2021-10-03 19:04:01,1764.8,1
2021-10-03 19:04:05,1764.7,2
2021-10-03 19:04:07,1764.7,1
2021-10-03 19:04:39,1764.7,6
2021-10-03 19:04:39,1764.8,2
2021-10-03 19:04:49,1764.8,1
2021-10-03 19:05:01,1764.7,4
2021-10-03 19:05:03,1764.6,1
2021-10-03 19:05:07,1764.6,1
2021-10-03 19:05:07,1764.5,1
2021-10-03 19:05:08,1764.5,3
2021-10-03 19:05:09,1764.6,3
2021-10-03 19:05:11,1764.6,1
2021-10-03 19:05:24,1764.4,4
2021-10-03 19:05:37,1764.3,2
2021-10-03 19:05:41,1764.2,7
2021-10-03 19:05:49,1764.3,2
2021-10-03 19:06:00,1764.2,5
2021-10-03 19:06:00,1764.1,3
2021-10-03 19:06:03,1764.0,2
2021-10-03 19:06:03,1764.1,1
2021-10-03 19:06:06,1764.2,1
2021-10-03 19:06:11,1764.3,3
2021-10-03 19:06:15,1764.3,3
2021-10-03 19:06:15,1764.2,3
2021-10-03 19:06:26,1764.2,6
2021-10-03 19:06:31,1764.1,1
2021-10-03 19:06:38,1764.2,1
2021-10-03 19:06:38,1764.1,1
2021-10-03 19:06:42,1764.2,1
2021-10-03 19:06:45,1764.2,2
2021-10-03 19:06:46,1764.2,4
2021-10-03 19:06:46,1764.1,2
2021-10-03 19:06:53,1764.2,2
2021-10-03 19:06:53,1764.3,2
2021-10-03 19:07:02,1764.3,1
2021-10-03 19:07:05,1764.2,1
2021-10-03 19:07:10,1764.2,6
2021-10-03 19:07:20,1764.3,5
2021-10-03 19:07:21,1764.2,1
2021-10-03 19:07:25,1764.3,3
2021-10-03 19:07:28,1764.5,4
2021-10-03 19:07:34,1764.6,2
2021-10-03 19:07:40,1764.5,2
2021-10-03 19:07:55,1764.4,7
2021-10-03 19:08:08,1764.4,4
2021-10-03 19:08:14,1764.6,3
2021-10-03 19:08:14,1764.5,1
2021-10-03 19:08:22,1764.4,3
2021-10-03 19:08:32,1764.3,5
2021-10-03 19:08:39,1764.3,1
2021-10-03 19:08:55,1764.4,2
2021-10-03 19:09:09,1764.3,2
2021-10-03 19:09:09,1764.2,2
2021-10-03 19:09:13,1764.3,1
2021-10-03 19:09:15,1764.2,1
2021-10-03 19:09:15,1764.1,8
2021-10-03 19:09:15,1764.0,1
2021-10-03 19:09:16,1764.0,1
2021-10-03 19:09:21,1764.2,1
2021-10-03 19:09:32,1764.3,1
2021-10-03 19:09:34,1764.2,2
2021-10-03 19:09:38,1764.2,2
2021-10-03 19:09:40,1764.3,1
2021-10-03 19:09:44,1764.3,1
2021-10-03 19:09:44,1764.4,1
2021-10-03 19:09:48,1764.3,1
2021-10-03 19:09:57,1764.4,1
2021-10-03 19:09:59,1764.4,1
2021-10-03 19:10:10,1764.5,1
2021-10-03 19:10:42,1764.4,2
2021-10-03 19:10:42,1764.3,1
2021-10-03 19:10:42,1764.2,3
2021-10-03 19:10:45,1764.3,1
2021-10-03 19:10:47,1764.3,1
2021-10-03 19:11:04,1764.2,1
2021-10-03 19:11:08,1764.1,2
2021-10-03 19:11:28,1764.1,3
2021-10-03 19:11:34,1764.1,2
2021-10-03 19:11:37,1764.1,1
2021-10-03 19:11:39,1764.1,2
2021-10-03 19:11:44,1764.0,1
2021-10-03 19:12:38,1764.0,1
2021-10-03 19:12:49,1764.0,2
2021-10-03 19:12:49,1764.1,1
2021-10-03 19:13:03,1764.1,2
2021-10-03 19:13:31,1764.1,5
2021-10-03 19:13:46,1764.0,1
2021-10-03 19:13:53,1764.1,3
2021-10-03 19:14:10,1764.0,9
2021-10-03 19:14:16,1764.0,16
2021-10-03 19:14:16,1764.1,2
2021-10-03 19:14:19,1764.0,8
2021-10-03 19:14:21,1764.0,12
2021-10-03 19:14:21,1764.1,1
2021-10-03 19:14:25,1764.1,2
2021-10-03 19:14:27,1764.0,14
2021-10-03 19:14:27,1763.9,7
2021-10-03 19:14:31,1763.9,3
2021-10-03 19:14:34,1764.0,1
2021-10-03 19:14:40,1763.9,1
2021-10-03 19:14:40,1764.0,1
2021-10-03 19:14:43,1764.0,1
2021-10-03 19:14:43,1764.1,1
2021-10-03 19:14:44,1764.1,21
2021-10-03 19:14:44,1764.2,4
2021-10-03 19:14:45,1764.2,3
2021-10-03 19:14:55,1764.2,3
2021-10-03 19:14:55,1764.1,7
2021-10-03 19:14:59,1764.2,17
2021-10-03 19:15:00,1764.3,1
2021-10-03 19:15:01,1764.4,5
2021-10-03 19:15:05,1764.4,3
2021-10-03 19:15:05,1764.3,5
2021-10-03 19:15:07,1764.2,3
2021-10-03 19:15:08,1764.3,23
2021-10-03 19:15:10,1764.4,19
2021-10-03 19:15:11,1764.5,2
2021-10-03 19:15:13,1764.5,2
2021-10-03 19:15:14,1764.6,3
2021-10-03 19:15:21,1764.6,4
2021-10-03 19:15:27,1764.7,4
2021-10-03 19:15:31,1764.8,1
2021-10-03 19:15:34,1764.8,1
2021-10-03 19:15:37,1764.7,2
2021-10-03 19:15:37,1764.6,3
2021-10-03 19:15:41,1764.5,1
2021-10-03 19:15:47,1764.8,3
2021-10-03 19:15:48,1764.7,3
2021-10-03 19:15:49,1764.6,1
2021-10-03 19:15:53,1764.6,2
2021-10-03 19:15:59,1764.6,1
2021-10-03 19:16:02,1764.6,2
2021-10-03 19:16:05,1764.6,1
2021-10-03 19:16:07,1764.6,2
2021-10-03 19:16:08,1764.7,1
2021-10-03 19:16:10,1764.6,1
2021-10-03 19:16:13,1764.6,1
2021-10-03 19:16:29,1764.7,1
2021-10-03 19:16:29,1764.6,1
2021-10-03 19:16:42,1764.7,3
2021-10-03 19:17:18,1764.8,3
2021-10-03 19:17:35,1764.9,4
2021-10-03 19:17:37,1764.9,2
2021-10-03 19:17:39,1765.0,3
2021-10-03 19:17:39,1764.9,1
2021-10-03 19:17:39,1764.8,1
2021-10-03 19:17:39,1764.9,1
2021-10-03 19:17:51,1764.9,2
2021-10-03 19:17:52,1764.9,1
2021-10-03 19:17:58,1764.9,1
2021-10-03 19:18:00,1764.9,1
2021-10-03 19:18:02,1764.9,1
2021-10-03 19:18:20,1764.9,3
2021-10-03 19:18:23,1764.9,1
2021-10-03 19:18:23,1765.0,1
2021-10-03 19:18:24,1765.0,1
2021-10-03 19:18:51,1765.0,4
2021-10-03 19:19:03,1765.0,1
2021-10-03 19:19:12,1764.9,3
2021-10-03 19:19:15,1764.9,1
2021-10-03 19:19:34,1764.8,4
2021-10-03 19:19:42,1764.7,4
2021-10-03 19:19:50,1764.6,1
2021-10-03 19:20:02,1764.6,2
2021-10-03 19:20:03,1764.6,2
2021-10-03 19:20:29,1764.5,1
2021-10-03 19:20:43,1764.5,1
2021-10-03 19:20:43,1764.6,1
2021-10-03 19:21:05,1764.7,1
2021-10-03 19:21:08,1764.7,3
2021-10-03 19:21:11,1764.8,1
2021-10-03 19:21:13,1764.8,1
2021-10-03 19:21:37,1764.8,1
2021-10-03 19:21:40,1764.8,2
2021-10-03 19:21:52,1764.7,1
2021-10-03 19:22:15,1764.6,4
2021-10-03 19:22:21,1764.5,2
2021-10-03 19:22:24,1764.5,2
2021-10-03 19:22:29,1764.5,1
2021-10-03 19:22:43,1764.6,1
2021-10-03 19:22:48,1764.7,2
2021-10-03 19:23:06,1764.8,2
2021-10-03 19:23:10,1764.9,2
2021-10-03 19:23:19,1765.0,1
2021-10-03 19:23:21,1765.0,1
2021-10-03 19:23:24,1765.0,1
2021-10-03 19:23:28,1765.2,1
2021-10-03 19:23:36,1765.1,1
2021-10-03 19:23:36,1765.2,1
2021-10-03 19:23:38,1765.1,1
2021-10-03 19:24:03,1765.1,5
2021-10-03 19:24:04,1765.1,2
2021-10-03 19:24:11,1765.1,2
2021-10-03 19:24:19,1765.2,2
2021-10-03 19:24:33,1765.2,2
2021-10-03 19:24:38,1765.2,1
2021-10-03 19:24:47,1765.3,5
2021-10-03 19:24:53,1765.3,1
2021-10-03 19:25:05,1765.4,2
2021-10-03 19:25:07,1765.4,2
2021-10-03 19:25:08,1765.5,2
2021-10-03 19:25:12,1765.5,1
2021-10-03 19:25:18,1765.5,1
2021-10-03 19:25:20,1765.5,1
2021-10-03 19:25:22,1765.5,1
2021-10-03 19:25:23,1765.5,1
2021-10-03 19:25:32,1765.6,2
2021-10-03 19:25:33,1765.7,1
2021-10-03 19:25:34,1765.6,7
2021-10-03 19:25:34,1765.7,4
2021-10-03 19:25:39,1765.7,1
2021-10-03 19:25:49,1765.7,6
2021-10-03 19:25:56,1765.7,1
2021-10-03 19:26:01,1765.7,9
2021-10-03 19:26:02,1765.7,1
2021-10-03 19:26:03,1765.7,3
2021-10-03 19:26:05,1765.7,1
2021-10-03 19:26:08,1765.7,5
2021-10-03 19:26:24,1765.7,1
2021-10-03 19:26:37,1765.7,1
2021-10-03 19:26:40,1765.7,1
2021-10-03 19:26:40,1765.8,7
2021-10-03 19:26:44,1765.8,1
2021-10-03 19:26:44,1765.9,2
2021-10-03 19:26:46,1765.8,7
2021-10-03 19:26:46,1765.9,1
2021-10-03 19:26:47,1765.8,1
2021-10-03 19:26:49,1765.8,2
2021-10-03 19:26:51,1765.8,1
2021-10-03 19:27:03,1765.8,23
2021-10-03 19:27:04,1765.8,29
2021-10-03 19:27:05,1765.8,1
2021-10-03 19:27:07,1765.8,1
2021-10-03 19:27:08,1765.8,6
2021-10-03 19:27:08,1765.7,4
2021-10-03 19:27:08,1765.6,3
2021-10-03 19:27:09,1765.6,1
2021-10-03 19:27:11,1765.6,1
2021-10-03 19:27:11,1765.5,1
2021-10-03 19:27:11,1765.4,3
2021-10-03 19:27:12,1765.2,4
2021-10-03 19:27:12,1765.1,4
2021-10-03 19:27:14,1764.9,1
2021-10-03 19:27:14,1764.8,2
2021-10-03 19:27:16,1764.8,3
2021-10-03 19:27:16,1764.9,2
2021-10-03 19:27:17,1764.9,2
2021-10-03 19:27:28,1765.0,1
2021-10-03 19:27:29,1764.7,3
2021-10-03 19:27:37,1764.8,3
2021-10-03 19:27:59,1764.8,2
2021-10-03 19:28:00,1764.6,2
2021-10-03 19:28:04,1764.7,5
2021-10-03 19:28:04,1764.8,1
2021-10-03 19:28:08,1764.8,1
2021-10-03 19:28:25,1764.7,1
2021-10-03 19:28:41,1764.8,5
2021-10-03 19:28:56,1764.8,1
2021-10-03 19:29:07,1764.6,3
2021-10-03 19:29:21,1764.5,3
2021-10-03 19:29:21,1764.4,1
2021-10-03 19:29:22,1764.5,3
2021-10-03 19:29:40,1764.5,2
2021-10-03 19:30:08,1764.5,2
2021-10-03 19:30:08,1764.6,2
2021-10-03 19:30:12,1764.6,2
2021-10-03 19:30:17,1764.6,1
2021-10-03 19:30:42,1764.7,5
2021-10-03 19:30:50,1764.8,2
2021-10-03 19:31:00,1764.7,1
2021-10-03 19:31:01,1764.9,1
2021-10-03 19:31:04,1764.9,1
2021-10-03 19:31:23,1764.8,1
2021-10-03 19:31:59,1765.0,1
2021-10-03 19:32:03,1764.8,2
2021-10-03 19:32:04,1764.9,1
2021-10-03 19:32:14,1764.8,4
2021-10-03 19:32:20,1764.6,1
2021-10-03 19:32:23,1764.6,2
2021-10-03 19:32:43,1764.6,1
2021-10-03 19:32:54,1764.6,3
2021-10-03 19:32:58,1764.6,1
2021-10-03 19:33:05,1764.7,3
2021-10-03 19:33:13,1764.8,1
2021-10-03 19:33:45,1764.7,1
2021-10-03 19:33:59,1764.7,1
2021-10-03 19:34:01,1764.6,1
2021-10-03 19:34:02,1764.6,4
2021-10-03 19:34:07,1764.5,1
2021-10-03 19:34:26,1764.6,1
2021-10-03 19:34:39,1764.5,1
2021-10-03 19:35:09,1764.6,1
2021-10-03 19:35:11,1764.5,1
2021-10-03 19:35:15,1764.5,1
2021-10-03 19:35:16,1764.5,1
2021-10-03 19:35:17,1764.4,1
2021-10-03 19:35:49,1764.5,2
2021-10-03 19:36:18,1764.5,1
2021-10-03 19:36:26,1764.6,1
2021-10-03 19:36:30,1764.5,3
2021-10-03 19:36:36,1764.5,1
2021-10-03 19:37:04,1764.4,3
2021-10-03 19:37:13,1764.5,3
2021-10-03 19:37:51,1764.6,1
2021-10-03 19:38:57,1764.8,4
2021-10-03 19:38:59,1764.9,1
2021-10-03 19:39:02,1764.7,1
2021-10-03 19:39:03,1764.8,1
2021-10-03 19:39:08,1764.8,2
2021-10-03 19:39:09,1764.8,1
2021-10-03 19:39:28,1764.9,2
2021-10-03 19:39:46,1765.0,1
2021-10-03 19:39:49,1764.9,2
2021-10-03 19:40:01,1764.7,2
2021-10-03 19:40:02,1764.8,1
2021-10-03 19:40:06,1764.9,1
2021-10-03 19:40:07,1764.9,2
2021-10-03 19:40:09,1764.9,2
2021-10-03 19:40:29,1764.8,6
2021-10-03 19:40:36,1764.7,2
2021-10-03 19:40:36,1764.6,8
2021-10-03 19:40:36,1764.5,3
2021-10-03 19:40:36,1764.6,1
2021-10-03 19:40:44,1764.6,4
2021-10-03 19:40:50,1764.5,1
2021-10-03 19:40:52,1764.4,2
2021-10-03 19:41:00,1764.4,1
2021-10-03 19:41:10,1764.4,1
2021-10-03 19:41:13,1764.4,1
2021-10-03 19:41:16,1764.4,1
2021-10-03 19:41:22,1764.3,2
2021-10-03 19:41:27,1764.5,2
2021-10-03 19:41:28,1764.6,2
2021-10-03 19:41:28,1764.7,1
2021-10-03 19:41:42,1764.7,3
2021-10-03 19:41:42,1764.8,2
2021-10-03 19:41:45,1764.9,1
2021-10-03 19:41:45,1764.8,2
2021-10-03 19:41:46,1764.7,1
2021-10-03 19:41:54,1764.7,1
2021-10-03 19:41:55,1764.7,1
2021-10-03 19:42:02,1764.8,2
2021-10-03 19:42:17,1764.8,2
2021-10-03 19:42:28,1764.8,1
2021-10-03 19:42:59,1764.8,1
2021-10-03 19:43:08,1764.7,1
2021-10-03 19:44:32,1764.5,5
2021-10-03 19:44:36,1764.6,3
2021-10-03 19:44:50,1764.5,1
2021-10-03 19:44:56,1764.4,2
2021-10-03 19:44:57,1764.4,1
2021-10-03 19:44:57,1764.3,6
2021-10-03 19:44:57,1764.2,3
2021-10-03 19:44:58,1764.2,3
2021-10-03 19:45:01,1764.2,7
2021-10-03 19:45:01,1764.1,6
2021-10-03 19:45:01,1764.2,1
2021-10-03 19:45:06,1764.2,3
2021-10-03 19:45:07,1764.2,1
2021-10-03 19:45:09,1764.2,1
2021-10-03 19:45:14,1764.1,1
2021-10-03 19:45:15,1764.0,3
2021-10-03 19:45:16,1764.0,1
2021-10-03 19:45:22,1764.1,1
2021-10-03 19:45:22,1764.0,1
2021-10-03 19:45:22,1764.1,3
2021-10-03 19:45:31,1764.1,1
2021-10-03 19:45:44,1764.1,2
2021-10-03 19:45:45,1764.0,1
2021-10-03 19:45:48,1764.0,1
2021-10-03 19:45:52,1764.0,4
2021-10-03 19:46:00,1764.1,4
2021-10-03 19:46:02,1764.1,3
2021-10-03 19:46:05,1764.2,7
2021-10-03 19:46:06,1764.2,3
2021-10-03 19:46:16,1764.3,3
2021-10-03 19:46:16,1764.4,2
2021-10-03 19:46:16,1764.3,3
2021-10-03 19:46:17,1764.2,1
2021-10-03 19:46:36,1764.2,1
2021-10-03 19:46:39,1764.2,1
2021-10-03 19:46:41,1764.2,2
2021-10-03 19:46:58,1764.2,1
2021-10-03 19:46:58,1764.1,1
2021-10-03 19:47:00,1764.1,3
2021-10-03 19:47:07,1764.0,15
2021-10-03 19:47:07,1763.9,1
2021-10-03 19:47:09,1763.9,6
2021-10-03 19:47:12,1764.0,7
2021-10-03 19:47:13,1764.1,1
2021-10-03 19:47:16,1764.2,3
2021-10-03 19:47:22,1764.1,1
2021-10-03 19:47:25,1764.1,1
2021-10-03 19:47:40,1764.1,1
2021-10-03 19:47:41,1764.1,2
2021-10-03 19:47:41,1764.0,6
2021-10-03 19:47:46,1764.0,1
2021-10-03 19:47:53,1764.1,2
2021-10-03 19:48:05,1764.0,2
2021-10-03 19:48:05,1764.1,3
2021-10-03 19:48:14,1764.2,2
2021-10-03 19:48:16,1764.1,3
2021-10-03 19:48:22,1764.1,1
2021-10-03 19:48:27,1764.1,1
2021-10-03 19:48:30,1764.1,3
2021-10-03 19:48:30,1764.2,1
2021-10-03 19:48:30,1764.1,1
2021-10-03 19:48:31,1764.1,4
2021-10-03 19:48:34,1764.1,1
2021-10-03 19:48:38,1764.2,1
2021-10-03 19:48:54,1764.1,1
2021-10-03 19:48:55,1764.1,1
2021-10-03 19:48:55,1764.0,8
2021-10-03 19:49:00,1764.0,1
2021-10-03 19:49:24,1764.0,1
2021-10-03 19:49:41,1763.9,4
2021-10-03 19:49:41,1763.8,2
2021-10-03 19:49:47,1763.9,3
2021-10-03 19:50:00,1764.0,1
2021-10-03 19:50:10,1764.0,2
2021-10-03 19:50:14,1764.0,1
2021-10-03 19:50:19,1764.1,2
2021-10-03 19:50:36,1764.1,5
2021-10-03 19:50:38,1764.2,1
2021-10-03 19:51:00,1764.1,1
2021-10-03 19:51:08,1764.0,1
2021-10-03 19:51:14,1764.0,2
2021-10-03 19:51:17,1763.9,2
2021-10-03 19:51:18,1763.9,1
2021-10-03 19:51:22,1763.9,4
2021-10-03 19:51:42,1763.8,5
2021-10-03 19:52:46,1763.7,8
2021-10-03 19:52:58,1763.7,1
2021-10-03 19:53:00,1763.7,1
2021-10-03 19:53:02,1763.7,2
2021-10-03 19:53:04,1763.6,6
2021-10-03 19:53:06,1763.6,4
2021-10-03 19:53:07,1763.5,5
2021-10-03 19:53:07,1763.6,2
2021-10-03 19:53:08,1763.6,2
2021-10-03 19:53:10,1763.6,2
2021-10-03 19:53:12,1763.5,1
2021-10-03 19:53:18,1763.6,1
2021-10-03 19:53:32,1763.7,4
2021-10-03 19:53:32,1763.8,6
2021-10-03 19:53:32,1763.7,4
2021-10-03 19:54:00,1763.8,1
2021-10-03 19:54:02,1763.8,5
2021-10-03 19:54:37,1763.8,1
2021-10-03 19:54:38,1763.8,1
2021-10-03 19:54:42,1763.8,3
2021-10-03 19:55:02,1763.8,1
2021-10-03 19:55:12,1763.8,1
2021-10-03 19:55:16,1763.8,2
2021-10-03 19:55:21,1763.9,2
2021-10-03 19:55:21,1764.0,1
2021-10-03 19:55:23,1764.0,1
2021-10-03 19:55:55,1764.0,1
2021-10-03 19:56:01,1764.0,1
2021-10-03 19:56:02,1764.1,2
2021-10-03 19:56:25,1764.0,1
2021-10-03 19:56:53,1764.0,4
2021-10-03 19:57:28,1763.9,2
2021-10-03 19:57:57,1764.0,3
2021-10-03 19:57:58,1764.0,4
2021-10-03 19:58:05,1764.0,1
2021-10-03 19:58:19,1764.0,1
2021-10-03 19:58:30,1763.9,2
2021-10-03 19:58:53,1763.9,1
2021-10-03 19:59:00,1763.9,1
2021-10-03 19:59:00,1763.8,2
2021-10-03 19:59:18,1764.0,2
2021-10-03 19:59:23,1763.9,1
2021-10-03 19:59:27,1764.0,1
2021-10-03 19:59:31,1764.0,1
2021-10-03 19:59:49,1763.9,1
2021-10-03 19:59:56,1763.8,1
2021-10-03 19:59:56,1763.9,1
2021-10-03 19:59:56,1764.0,1
2021-10-03 19:59:57,1764.0,1
2021-10-03 20:00:00,1763.8,4
2021-10-03 20:00:01,1763.7,2
2021-10-03 20:00:03,1763.6,1
2021-10-03 20:00:08,1763.7,2
2021-10-03 20:00:09,1763.7,2
2021-10-03 20:00:11,1763.7,1
2021-10-03 20:00:11,1763.6,1
2021-10-03 20:00:20,1763.7,4
2021-10-03 20:00:20,1763.8,2
2021-10-03 20:00:20,1763.9,1
2021-10-03 20:00:22,1763.9,2
2021-10-03 20:00:27,1763.7,1
2021-10-03 20:00:28,1763.6,1
2021-10-03 20:00:55,1763.8,4
2021-10-03 20:00:56,1763.8,2
2021-10-03 20:01:01,1763.8,4
2021-10-03 20:01:07,1763.9,1
2021-10-03 20:01:08,1764.0,2
2021-10-03 20:01:17,1763.8,3
2021-10-03 20:01:24,1763.9,5
2021-10-03 20:01:24,1763.8,6
2021-10-03 20:01:24,1763.9,1
2021-10-03 20:01:38,1764.0,1
2021-10-03 20:01:38,1764.1,7
2021-10-03 20:02:02,1764.0,2
2021-10-03 20:02:07,1763.8,2
2021-10-03 20:02:12,1763.7,1
2021-10-03 20:02:12,1763.6,3
2021-10-03 20:02:14,1763.6,2
2021-10-03 20:02:18,1763.8,1
2021-10-03 20:02:31,1763.9,1
2021-10-03 20:02:32,1764.0,1
2021-10-03 20:02:39,1763.9,2
2021-10-03 20:02:42,1763.8,4
2021-10-03 20:02:46,1763.7,2
2021-10-03 20:02:50,1763.5,1
2021-10-03 20:02:51,1763.6,1
2021-10-03 20:02:51,1763.5,1
2021-10-03 20:02:56,1763.5,1
2021-10-03 20:02:58,1763.6,1
2021-10-03 20:02:58,1763.5,1
2021-10-03 20:03:01,1763.6,1
2021-10-03 20:03:01,1763.7,3
2021-10-03 20:03:04,1763.6,3
2021-10-03 20:03:10,1763.6,1
2021-10-03 20:03:13,1763.7,1
2021-10-03 20:03:13,1763.8,1
2021-10-03 20:03:15,1763.7,1
2021-10-03 20:03:23,1763.7,1
2021-10-03 20:03:34,1763.6,6
2021-10-03 20:03:41,1763.7,4
2021-10-03 20:03:42,1763.8,2
2021-10-03 20:03:43,1763.8,3
2021-10-03 20:03:43,1763.9,1
2021-10-03 20:03:51,1764.0,1
2021-10-03 20:04:01,1763.9,1
2021-10-03 20:04:02,1763.9,1
2021-10-03 20:04:02,1764.0,2
2021-10-03 20:04:02,1764.1,5
2021-10-03 20:04:03,1764.1,3
2021-10-03 20:04:10,1764.1,5
2021-10-03 20:04:10,1764.2,2
2021-10-03 20:04:10,1764.3,4
2021-10-03 20:04:10,1764.4,7
2021-10-03 20:04:10,1764.5,7
2021-10-03 20:04:12,1764.5,1
2021-10-03 20:04:13,1764.6,1
2021-10-03 20:04:13,1764.7,1
2021-10-03 20:04:13,1764.5,1
2021-10-03 20:04:18,1764.5,4
2021-10-03 20:04:19,1764.6,1
2021-10-03 20:04:21,1764.6,3
2021-10-03 20:04:22,1764.6,3
2021-10-03 20:04:23,1764.6,1
2021-10-03 20:04:23,1764.5,1
2021-10-03 20:04:23,1764.6,1
2021-10-03 20:04:24,1764.6,1
2021-10-03 20:04:24,1764.7,4
2021-10-03 20:04:25,1764.7,1
2021-10-03 20:04:29,1764.7,2
2021-10-03 20:04:30,1764.8,3
2021-10-03 20:04:31,1764.8,3
2021-10-03 20:04:33,1764.8,4
2021-10-03 20:04:35,1764.9,1
2021-10-03 20:04:35,1765.0,1
2021-10-03 20:04:35,1764.9,2
2021-10-03 20:04:36,1764.9,2
2021-10-03 20:04:37,1764.8,1
2021-10-03 20:04:37,1764.9,2
2021-10-03 20:04:41,1764.9,1
2021-10-03 20:04:43,1764.8,11
2021-10-03 20:04:43,1764.7,9
2021-10-03 20:04:44,1764.6,2
2021-10-03 20:04:44,1764.7,1
2021-10-03 20:04:44,1764.6,2
2021-10-03 20:04:49,1764.6,1
2021-10-03 20:04:57,1764.6,2
2021-10-03 20:04:57,1764.5,7
2021-10-03 20:04:58,1764.6,2
2021-10-03 20:05:02,1764.7,5
2021-10-03 20:05:04,1764.8,3
2021-10-03 20:05:08,1764.8,1
2021-10-03 20:05:11,1764.9,3
2021-10-03 20:05:13,1764.9,2
2021-10-03 20:05:16,1764.8,7
2021-10-03 20:05:16,1764.7,1
2021-10-03 20:05:16,1764.8,1
2021-10-03 20:05:17,1764.9,6
2021-10-03 20:05:18,1765.0,2
2021-10-03 20:05:19,1764.9,2
2021-10-03 20:05:20,1764.9,4
2021-10-03 20:05:21,1764.9,1
2021-10-03 20:05:22,1764.8,7
2021-10-03 20:05:23,1764.9,3
2021-10-03 20:05:26,1765.0,1
2021-10-03 20:05:30,1764.9,4
2021-10-03 20:05:31,1764.8,2
2021-10-03 20:05:31,1764.7,1
2021-10-03 20:05:31,1764.8,3
2021-10-03 20:05:32,1764.7,4
2021-10-03 20:05:32,1764.5,5
2021-10-03 20:05:33,1764.4,4
2021-10-03 20:05:38,1764.5,3
2021-10-03 20:05:38,1764.6,3
2021-10-03 20:05:39,1764.6,1
2021-10-03 20:05:41,1764.5,2
2021-10-03 20:05:52,1764.4,1
2021-10-03 20:05:55,1764.4,2
2021-10-03 20:05:59,1764.5,1
2021-10-03 20:06:02,1764.5,3
2021-10-03 20:06:07,1764.5,5
2021-10-03 20:06:07,1764.6,3
2021-10-03 20:06:09,1764.6,2
2021-10-03 20:06:09,1764.5,1
2021-10-03 20:06:10,1764.5,1
2021-10-03 20:06:11,1764.4,1
2021-10-03 20:06:12,1764.5,2
2021-10-03 20:06:15,1764.6,2
2021-10-03 20:06:17,1764.7,4
2021-10-03 20:06:17,1764.6,1
2021-10-03 20:06:19,1764.6,2
2021-10-03 20:06:21,1764.6,1
2021-10-03 20:06:24,1764.7,1
2021-10-03 20:06:39,1764.8,1
2021-10-03 20:06:48,1764.7,1
2021-10-03 20:06:57,1764.8,1
2021-10-03 20:07:01,1764.7,4
2021-10-03 20:07:02,1764.7,3
2021-10-03 20:07:04,1764.7,1
2021-10-03 20:07:04,1764.6,1
2021-10-03 20:07:05,1764.6,1
2021-10-03 20:07:08,1764.7,1
2021-10-03 20:07:12,1764.7,1
2021-10-03 20:07:16,1764.8,1
2021-10-03 20:07:18,1764.8,4
2021-10-03 20:07:18,1764.9,3
2021-10-03 20:07:18,1765.0,5
2021-10-03 20:07:21,1765.0,1
2021-10-03 20:07:24,1764.9,2
2021-10-03 20:07:25,1764.9,13
2021-10-03 20:07:26,1764.8,1
2021-10-03 20:07:27,1764.9,2
2021-10-03 20:07:28,1764.8,1
2021-10-03 20:07:30,1764.8,1
2021-10-03 20:07:31,1764.8,2
2021-10-03 20:07:31,1764.9,1
2021-10-03 20:07:35,1764.8,3
2021-10-03 20:07:37,1764.7,1
2021-10-03 20:07:38,1764.7,1
2021-10-03 20:07:47,1764.7,2
2021-10-03 20:07:50,1764.7,3
2021-10-03 20:07:57,1764.7,1
2021-10-03 20:07:58,1764.8,14
2021-10-03 20:08:00,1764.8,1
2021-10-03 20:08:01,1764.8,1
2021-10-03 20:08:02,1764.9,2
2021-10-03 20:08:03,1764.8,4
2021-10-03 20:08:05,1764.9,1
2021-10-03 20:08:07,1764.8,1
2021-10-03 20:08:10,1764.8,2
2021-10-03 20:08:17,1764.8,1
2021-10-03 20:08:21,1764.7,1
2021-10-03 20:08:30,1764.7,1
2021-10-03 20:08:40,1764.7,5
2021-10-03 20:08:40,1764.6,11
2021-10-03 20:08:40,1764.5,11
2021-10-03 20:08:41,1764.6,4
2021-10-03 20:08:54,1764.6,1
2021-10-03 20:08:59,1764.6,2
2021-10-03 20:09:02,1764.6,1
2021-10-03 20:09:05,1764.7,11
2021-10-03 20:09:07,1764.8,1
2021-10-03 20:09:12,1764.8,1
2021-10-03 20:09:16,1764.7,1
2021-10-03 20:09:35,1764.6,1
2021-10-03 20:10:00,1764.6,2
2021-10-03 20:10:00,1764.7,1
2021-10-03 20:10:08,1764.7,4
2021-10-03 20:10:08,1764.8,1
2021-10-03 20:10:09,1764.9,1
2021-10-03 20:10:10,1764.9,1
2021-10-03 20:10:15,1764.9,1
2021-10-03 20:10:15,1765.0,1
2021-10-03 20:10:16,1765.0,1
2021-10-03 20:10:17,1765.0,1
2021-10-03 20:10:18,1765.0,1
2021-10-03 20:10:18,1765.1,1
2021-10-03 20:10:18,1765.2,1
2021-10-03 20:10:20,1765.1,5
2021-10-03 20:10:20,1765.0,5
2021-10-03 20:10:23,1765.1,4
2021-10-03 20:10:26,1765.1,1
2021-10-03 20:10:27,1765.1,1
2021-10-03 20:10:27,1765.2,1
2021-10-03 20:10:28,1765.2,1
2021-10-03 20:10:32,1765.1,2
2021-10-03 20:10:33,1765.1,2
2021-10-03 20:10:34,1765.1,1
2021-10-03 20:10:36,1765.1,1
2021-10-03 20:10:48,1765.2,4
2021-10-03 20:10:48,1765.3,9
2021-10-03 20:10:51,1765.3,2
2021-10-03 20:10:51,1765.2,8
2021-10-03 20:11:00,1765.3,1
2021-10-03 20:11:01,1765.3,3
2021-10-03 20:11:02,1765.2,2
2021-10-03 20:11:05,1765.2,1
2021-10-03 20:11:06,1765.2,3
2021-10-03 20:11:12,1765.3,2
2021-10-03 20:11:18,1765.2,1
2021-10-03 20:11:21,1765.2,1
2021-10-03 20:11:34,1765.2,3
2021-10-03 20:11:34,1765.3,3
2021-10-03 20:11:37,1765.3,3
2021-10-03 20:11:42,1765.2,1
2021-10-03 20:11:43,1765.2,2
2021-10-03 20:11:44,1765.2,2
2021-10-03 20:11:49,1765.2,1
2021-10-03 20:11:56,1765.3,3
2021-10-03 20:11:59,1765.3,1
2021-10-03 20:12:02,1765.3,3
2021-10-03 20:12:02,1765.2,1
2021-10-03 20:12:03,1765.3,4
2021-10-03 20:12:03,1765.4,1
2021-10-03 20:12:04,1765.4,1
2021-10-03 20:12:05,1765.4,1
2021-10-03 20:12:07,1765.4,1
2021-10-03 20:12:11,1765.4,1
2021-10-03 20:12:12,1765.4,2
2021-10-03 20:12:17,1765.5,1
2021-10-03 20:12:21,1765.4,6
2021-10-03 20:12:22,1765.3,3
2021-10-03 20:12:23,1765.2,2
2021-10-03 20:12:26,1765.2,4
2021-10-03 20:12:31,1765.2,4
2021-10-03 20:12:36,1765.1,2
2021-10-03 20:12:40,1765.1,5
2021-10-03 20:12:41,1765.1,4
2021-10-03 20:12:41,1765.2,5
2021-10-03 20:12:50,1765.1,1
2021-10-03 20:12:55,1765.1,1
2021-10-03 20:12:55,1765.0,1
2021-10-03 20:13:02,1765.1,2
2021-10-03 20:13:05,1765.2,4
2021-10-03 20:13:05,1765.3,1
2021-10-03 20:13:10,1765.3,4
2021-10-03 20:13:15,1765.3,1
2021-10-03 20:13:17,1765.4,5
2021-10-03 20:13:21,1765.4,3
2021-10-03 20:13:22,1765.5,1
2021-10-03 20:13:24,1765.4,1
2021-10-03 20:13:26,1765.4,4
2021-10-03 20:13:30,1765.4,2
2021-10-03 20:13:32,1765.5,3
2021-10-03 20:13:34,1765.5,3
2021-10-03 20:13:36,1765.5,5
2021-10-03 20:13:38,1765.5,1
2021-10-03 20:13:43,1765.5,4
2021-10-03 20:13:43,1765.6,1
2021-10-03 20:13:43,1765.5,5
2021-10-03 20:13:45,1765.5,1
2021-10-03 20:13:46,1765.5,5
2021-10-03 20:13:48,1765.5,3
2021-10-03 20:13:49,1765.4,1
2021-10-03 20:13:57,1765.5,1
2021-10-03 20:14:00,1765.5,6
2021-10-03 20:14:01,1765.5,3
2021-10-03 20:14:02,1765.6,2
2021-10-03 20:14:03,1765.5,2
2021-10-03 20:14:09,1765.6,1
2021-10-03 20:14:11,1765.6,1
2021-10-03 20:14:11,1765.5,1
2021-10-03 20:14:12,1765.6,5
2021-10-03 20:14:20,1765.6,1
2021-10-03 20:14:21,1765.7,6
2021-10-03 20:14:24,1765.6,1
2021-10-03 20:14:27,1765.7,5
2021-10-03 20:14:29,1765.7,3
2021-10-03 20:14:31,1765.6,8
2021-10-03 20:14:31,1765.5,4
2021-10-03 20:14:34,1765.6,8
2021-10-03 20:14:46,1765.6,2
2021-10-03 20:14:47,1765.6,2
2021-10-03 20:14:49,1765.6,3
2021-10-03 20:14:52,1765.6,3
2021-10-03 20:15:00,1765.7,1
2021-10-03 20:15:01,1765.6,4
2021-10-03 20:15:01,1765.5,5
2021-10-03 20:15:01,1765.6,1
2021-10-03 20:15:02,1765.6,5
2021-10-03 20:15:05,1765.6,4
2021-10-03 20:15:07,1765.5,3
2021-10-03 20:15:09,1765.5,3
2021-10-03 20:15:12,1765.5,4
2021-10-03 20:15:14,1765.6,1
2021-10-03 20:15:15,1765.6,1
2021-10-03 20:15:16,1765.6,1
2021-10-03 20:15:16,1765.7,2
2021-10-03 20:15:18,1765.7,4
2021-10-03 20:15:20,1765.7,1
2021-10-03 20:15:24,1765.8,6
2021-10-03 20:15:24,1765.9,1
2021-10-03 20:15:25,1765.9,1
2021-10-03 20:15:26,1765.9,13
2021-10-03 20:15:30,1765.9,1
2021-10-03 20:15:31,1766.0,109
2021-10-03 20:15:32,1766.0,4
2021-10-03 20:15:33,1766.0,2
2021-10-03 20:15:34,1766.0,2
2021-10-03 20:15:35,1765.9,4
2021-10-03 20:15:36,1765.9,3
2021-10-03 20:15:37,1765.9,4
2021-10-03 20:15:38,1765.9,2
2021-10-03 20:15:39,1765.9,2
2021-10-03 20:15:40,1765.8,4
2021-10-03 20:15:40,1765.7,2
2021-10-03 20:15:40,1765.8,2
2021-10-03 20:15:40,1765.9,1
2021-10-03 20:15:44,1765.8,2
2021-10-03 20:15:45,1765.9,1
2021-10-03 20:15:47,1765.9,1
2021-10-03 20:15:48,1765.9,2
2021-10-03 20:15:49,1765.8,11
2021-10-03 20:15:49,1765.7,8
2021-10-03 20:15:49,1765.6,5
2021-10-03 20:15:49,1765.5,6
2021-10-03 20:15:49,1765.4,6
2021-10-03 20:15:49,1765.3,9
2021-10-03 20:15:49,1765.4,8
2021-10-03 20:15:55,1765.3,1
2021-10-03 20:15:59,1765.3,3
2021-10-03 20:16:00,1765.3,5
2021-10-03 20:16:02,1765.3,2
2021-10-03 20:16:03,1765.3,7
2021-10-03 20:16:05,1765.3,1
2021-10-03 20:16:11,1765.2,4
2021-10-03 20:16:11,1765.1,3
2021-10-03 20:16:14,1765.0,1
2021-10-03 20:16:16,1765.1,2
2021-10-03 20:16:18,1765.1,3
2021-10-03 20:16:19,1765.2,2
2021-10-03 20:16:22,1765.2,4
2021-10-03 20:16:28,1765.1,1
2021-10-03 20:16:28,1765.0,2
2021-10-03 20:16:29,1765.0,2
2021-10-03 20:16:32,1764.9,1
2021-10-03 20:16:32,1765.0,4
2021-10-03 20:16:32,1765.1,7
2021-10-03 20:16:32,1765.2,6
2021-10-03 20:16:33,1765.2,1
2021-10-03 20:16:34,1765.1,1
2021-10-03 20:16:37,1765.1,2
2021-10-03 20:16:45,1765.1,1
2021-10-03 20:16:48,1765.2,1
2021-10-03 20:16:49,1765.2,1
2021-10-03 20:17:00,1765.2,2
2021-10-03 20:17:17,1765.3,1
2021-10-03 20:17:32,1765.3,1
2021-10-03 20:17:37,1765.2,5
2021-10-03 20:17:39,1765.2,3
2021-10-03 20:17:48,1765.2,1
2021-10-03 20:17:48,1765.1,3
2021-10-03 20:17:52,1765.0,3
2021-10-03 20:17:53,1764.9,9
2021-10-03 20:17:59,1765.1,2
2021-10-03 20:18:02,1765.0,1
2021-10-03 20:18:04,1765.0,1
2021-10-03 20:18:09,1765.0,1
2021-10-03 20:18:10,1765.0,1
2021-10-03 20:18:11,1765.1,1
2021-10-03 20:18:25,1765.0,1
2021-10-03 20:18:26,1765.1,1
2021-10-03 20:18:28,1765.3,1
2021-10-03 20:18:46,1765.2,1
2021-10-03 20:18:57,1765.2,1
2021-10-03 20:19:06,1765.1,3
2021-10-03 20:19:21,1765.0,1
2021-10-03 20:19:30,1765.0,4
2021-10-03 20:19:35,1764.8,1
2021-10-03 20:19:39,1764.8,2
2021-10-03 20:19:48,1764.8,1
2021-10-03 20:19:51,1764.7,1
2021-10-03 20:19:58,1764.7,2
2021-10-03 20:19:59,1764.7,8
2021-10-03 20:19:59,1764.8,1
2021-10-03 20:20:00,1764.8,1
2021-10-03 20:20:02,1764.8,1
2021-10-03 20:20:14,1764.8,1
2021-10-03 20:20:17,1764.9,2
2021-10-03 20:20:17,1765.0,3
2021-10-03 20:20:17,1765.1,2
2021-10-03 20:20:17,1765.2,7
2021-10-03 20:20:18,1765.3,1
2021-10-03 20:20:34,1765.3,2
2021-10-03 20:20:39,1765.3,3
2021-10-03 20:20:42,1765.4,4
2021-10-03 20:20:46,1765.5,1
2021-10-03 20:20:47,1765.5,1
2021-10-03 20:20:48,1765.5,1
2021-10-03 20:20:51,1765.4,1
2021-10-03 20:20:53,1765.4,1
2021-10-03 20:21:00,1765.4,2
2021-10-03 20:21:03,1765.3,2
2021-10-03 20:21:09,1765.4,1
2021-10-03 20:21:17,1765.4,3
2021-10-03 20:21:18,1765.3,8
2021-10-03 20:21:18,1765.2,5
2021-10-03 20:21:18,1765.0,3
2021-10-03 20:21:19,1765.0,5
2021-10-03 20:21:19,1764.9,4
2021-10-03 20:21:20,1764.9,5
2021-10-03 20:21:20,1764.8,6
2021-10-03 20:21:20,1764.7,5
2021-10-03 20:21:20,1764.6,3
2021-10-03 20:21:20,1764.5,1
2021-10-03 20:21:20,1764.6,1
2021-10-03 20:21:21,1764.7,3
2021-10-03 20:21:21,1764.8,2
2021-10-03 20:21:26,1764.7,2
2021-10-03 20:21:26,1764.6,2
2021-10-03 20:21:30,1764.5,1
2021-10-03 20:21:33,1764.6,2
2021-10-03 20:21:33,1764.5,1
2021-10-03 20:21:33,1764.6,19
2021-10-03 20:21:34,1764.5,8
2021-10-03 20:21:37,1764.6,1
2021-10-03 20:21:37,1764.7,2
2021-10-03 20:21:39,1764.6,1
2021-10-03 20:21:42,1764.6,1
2021-10-03 20:21:43,1764.6,1
2021-10-03 20:21:47,1764.6,1
2021-10-03 20:21:47,1764.7,1
2021-10-03 20:21:53,1764.6,1
2021-10-03 20:22:07,1764.6,1
2021-10-03 20:22:21,1764.5,4
2021-10-03 20:22:23,1764.5,2
2021-10-03 20:22:23,1764.4,3
2021-10-03 20:22:25,1764.3,4
2021-10-03 20:22:30,1764.5,1
2021-10-03 20:22:31,1764.4,1
2021-10-03 20:22:34,1764.5,1
2021-10-03 20:22:42,1764.5,1
2021-10-03 20:22:44,1764.6,1
2021-10-03 20:22:45,1764.5,3
2021-10-03 20:22:51,1764.5,1
2021-10-03 20:22:51,1764.6,1
2021-10-03 20:22:54,1764.5,1
2021-10-03 20:23:02,1764.4,1
2021-10-03 20:23:04,1764.3,1
2021-10-03 20:23:10,1764.3,1
2021-10-03 20:23:12,1764.2,1
2021-10-03 20:23:16,1764.2,2
2021-10-03 20:23:25,1764.1,5
2021-10-03 20:23:27,1764.1,13
2021-10-03 20:23:27,1764.0,5
2021-10-03 20:23:27,1763.9,1
2021-10-03 20:23:27,1764.0,4
2021-10-03 20:23:30,1764.0,1
2021-10-03 20:23:31,1764.0,2
2021-10-03 20:23:32,1764.1,1
2021-10-03 20:23:38,1764.0,4
2021-10-03 20:23:40,1764.0,1
2021-10-03 20:23:40,1764.1,12
2021-10-03 20:23:42,1764.1,6
2021-10-03 20:23:43,1764.1,1
2021-10-03 20:23:48,1764.1,1
2021-10-03 20:23:49,1764.1,1
2021-10-03 20:23:49,1764.2,2
2021-10-03 20:23:49,1764.3,9
2021-10-03 20:23:52,1764.2,2
2021-10-03 20:23:53,1764.2,1
2021-10-03 20:23:53,1764.3,1
2021-10-03 20:23:53,1764.2,1
2021-10-03 20:23:53,1764.3,1
2021-10-03 20:24:04,1764.0,1
2021-10-03 20:24:05,1764.0,2
2021-10-03 20:24:22,1764.1,1
2021-10-03 20:24:35,1764.1,2
2021-10-03 20:24:38,1764.1,1
2021-10-03 20:24:44,1764.2,3
2021-10-03 20:24:46,1764.2,2
2021-10-03 20:24:55,1764.2,6
2021-10-03 20:24:58,1764.2,1
2021-10-03 20:25:02,1764.2,2
2021-10-03 20:25:07,1764.2,3
2021-10-03 20:25:09,1764.2,1
2021-10-03 20:25:09,1764.3,16
2021-10-03 20:25:20,1764.4,1
2021-10-03 20:25:29,1764.3,1
2021-10-03 20:25:43,1764.1,1
2021-10-03 20:25:53,1764.2,1
2021-10-03 20:26:06,1764.2,1
2021-10-03 20:26:10,1764.2,1
2021-10-03 20:26:27,1764.1,4
2021-10-03 20:26:28,1764.1,2
2021-10-03 20:26:39,1764.3,1
2021-10-03 20:27:03,1764.3,2
2021-10-03 20:27:04,1764.2,1
2021-10-03 20:27:09,1764.2,1
2021-10-03 20:27:12,1764.3,1
2021-10-03 20:27:23,1764.4,1
2021-10-03 20:27:27,1764.4,2
2021-10-03 20:27:32,1764.5,1
2021-10-03 20:27:33,1764.5,1
2021-10-03 20:27:36,1764.6,1
2021-10-03 20:27:37,1764.6,1
2021-10-03 20:27:39,1764.6,1
2021-10-03 20:27:43,1764.6,1
2021-10-03 20:27:50,1764.6,1
2021-10-03 20:27:51,1764.6,5
2021-10-03 20:27:51,1764.7,4
2021-10-03 20:27:51,1764.8,5
2021-10-03 20:27:51,1764.9,1
2021-10-03 20:27:52,1765.0,5
2021-10-03 20:27:53,1765.0,1
2021-10-03 20:27:54,1764.9,4
2021-10-03 20:28:01,1765.0,2
2021-10-03 20:28:02,1765.0,1
2021-10-03 20:28:04,1765.0,1
2021-10-03 20:28:06,1765.0,1
2021-10-03 20:28:07,1764.9,1
2021-10-03 20:28:08,1764.9,3
2021-10-03 20:28:10,1764.8,1
2021-10-03 20:28:11,1764.9,1
2021-10-03 20:28:12,1764.8,1
2021-10-03 20:28:13,1764.8,1
2021-10-03 20:28:14,1764.8,1
2021-10-03 20:28:16,1764.7,1
2021-10-03 20:28:18,1764.7,1
2021-10-03 20:28:19,1764.7,3
2021-10-03 20:28:22,1764.7,2
2021-10-03 20:28:24,1764.7,1
2021-10-03 20:28:25,1764.7,10
2021-10-03 20:28:26,1764.8,12
2021-10-03 20:28:32,1764.8,5
2021-10-03 20:28:33,1764.8,2
2021-10-03 20:28:34,1764.8,7
2021-10-03 20:28:38,1764.9,1
2021-10-03 20:29:03,1764.8,2
2021-10-03 20:29:10,1764.7,2
2021-10-03 20:29:19,1764.6,1
2021-10-03 20:29:31,1764.7,1
2021-10-03 20:30:00,1764.8,1
2021-10-03 20:30:01,1764.7,1
2021-10-03 20:30:06,1764.6,3
2021-10-03 20:30:06,1764.5,1
2021-10-03 20:31:11,1764.5,2
2021-10-03 20:31:11,1764.4,2
2021-10-03 20:31:17,1764.6,1
2021-10-03 20:32:14,1764.5,2
2021-10-03 20:32:16,1764.3,1
2021-10-03 20:32:16,1764.2,2
2021-10-03 20:32:21,1764.1,2
2021-10-03 20:32:29,1764.3,1
2021-10-03 20:32:30,1764.3,2
2021-10-03 20:32:30,1764.2,3
2021-10-03 20:32:30,1764.3,1
2021-10-03 20:33:00,1764.2,1
2021-10-03 20:33:05,1764.1,1
2021-10-03 20:33:07,1764.1,1
2021-10-03 20:33:08,1764.1,1
2021-10-03 20:33:09,1764.1,1
2021-10-03 20:33:10,1764.1,1
2021-10-03 20:33:16,1764.0,1
2021-10-03 20:33:17,1764.1,3
2021-10-03 20:33:34,1764.2,1
2021-10-03 20:33:38,1764.3,12
2021-10-03 20:33:39,1764.3,1
2021-10-03 20:33:50,1764.2,1
2021-10-03 20:33:52,1764.3,1
2021-10-03 20:33:54,1764.3,1
2021-10-03 20:33:55,1764.4,1
2021-10-03 20:33:56,1764.3,1
2021-10-03 20:33:57,1764.4,1
2021-10-03 20:33:58,1764.4,1
2021-10-03 20:34:01,1764.4,1
2021-10-03 20:34:01,1764.5,1
2021-10-03 20:34:03,1764.5,1
2021-10-03 20:34:04,1764.5,3
2021-10-03 20:34:07,1764.6,1
2021-10-03 20:34:11,1764.5,4
2021-10-03 20:34:16,1764.5,1
2021-10-03 20:34:17,1764.4,2
2021-10-03 20:34:32,1764.5,7
2021-10-03 20:34:32,1764.6,2
2021-10-03 20:34:32,1764.5,2
2021-10-03 20:34:50,1764.5,1
2021-10-03 20:34:58,1764.4,1
2021-10-03 20:35:01,1764.4,1
2021-10-03 20:35:04,1764.4,2
2021-10-03 20:35:31,1764.3,1
2021-10-03 20:35:41,1764.5,2
2021-10-03 20:35:48,1764.5,1
2021-10-03 20:36:03,1764.6,1
2021-10-03 20:36:11,1764.7,2
2021-10-03 20:36:12,1764.7,1
2021-10-03 20:36:20,1764.8,1
2021-10-03 20:36:21,1764.8,3
2021-10-03 20:36:31,1764.8,3
2021-10-03 20:36:31,1764.9,1
2021-10-03 20:36:32,1764.8,1
2021-10-03 20:36:39,1764.7,1
2021-10-03 20:36:42,1764.6,1
2021-10-03 20:37:00,1764.4,1
2021-10-03 20:37:00,1764.3,1
2021-10-03 20:37:20,1764.4,3
2021-10-03 20:37:27,1764.5,12
2021-10-03 20:37:44,1764.4,1
2021-10-03 20:38:05,1764.5,1
2021-10-03 20:38:12,1764.5,2
2021-10-03 20:38:53,1764.4,4
2021-10-03 20:39:02,1764.4,2
2021-10-03 20:39:21,1764.3,5
2021-10-03 20:39:37,1764.3,1
2021-10-03 20:39:50,1764.3,1
2021-10-03 20:40:03,1764.3,4
2021-10-03 20:40:04,1764.2,3
2021-10-03 20:40:05,1764.1,4
2021-10-03 20:40:14,1764.2,1
2021-10-03 20:40:15,1764.2,3
2021-10-03 20:40:18,1764.2,3
2021-10-03 20:40:21,1764.2,1
2021-10-03 20:40:30,1764.2,4
2021-10-03 20:40:30,1764.3,4
2021-10-03 20:40:38,1764.4,3
2021-10-03 20:40:40,1764.4,1
2021-10-03 20:40:42,1764.4,1
2021-10-03 20:40:53,1764.4,1
2021-10-03 20:41:06,1764.4,1
2021-10-03 20:41:16,1764.5,1
2021-10-03 20:41:36,1764.5,1
2021-10-03 20:42:20,1764.5,1
2021-10-03 20:42:32,1764.5,1
2021-10-03 20:42:39,1764.6,1
2021-10-03 20:42:39,1764.7,7
2021-10-03 20:42:39,1764.8,2
2021-10-03 20:42:40,1764.9,1
2021-10-03 20:42:41,1764.9,3
2021-10-03 20:42:46,1764.9,2
2021-10-03 20:42:48,1765.1,7
2021-10-03 20:42:48,1765.2,6
2021-10-03 20:42:48,1765.3,7
2021-10-03 20:42:48,1765.1,5
2021-10-03 20:42:52,1765.1,2
2021-10-03 20:42:53,1765.0,7
2021-10-03 20:43:02,1765.1,1
2021-10-03 20:43:03,1765.2,4
2021-10-03 20:43:04,1765.2,1
2021-10-03 20:43:08,1765.1,3
2021-10-03 20:43:10,1765.1,1
2021-10-03 20:43:10,1765.2,1
2021-10-03 20:43:25,1765.1,1
2021-10-03 20:43:26,1765.1,1
2021-10-03 20:43:30,1765.1,1
2021-10-03 20:44:00,1765.1,1
2021-10-03 20:44:01,1765.1,1
2021-10-03 20:44:08,1765.2,1
2021-10-03 20:44:39,1765.1,4
2021-10-03 20:44:46,1765.2,2
2021-10-03 20:44:48,1765.1,4
2021-10-03 20:44:52,1765.0,4
2021-10-03 20:45:01,1764.9,7
2021-10-03 20:45:01,1765.0,1
2021-10-03 20:45:03,1765.0,1
2021-10-03 20:45:06,1765.0,4
2021-10-03 20:45:23,1765.0,1
2021-10-03 20:45:29,1765.1,1
2021-10-03 20:45:29,1765.0,2
2021-10-03 20:46:01,1764.9,2
2021-10-03 20:46:02,1764.9,1
2021-10-03 20:46:03,1765.0,1
2021-10-03 20:46:11,1765.0,3
2021-10-03 20:46:19,1764.9,2
2021-10-03 20:46:25,1764.8,3
2021-10-03 20:46:27,1764.8,2
2021-10-03 20:46:27,1764.9,3
2021-10-03 20:46:36,1764.8,3
2021-10-03 20:46:38,1764.8,3
2021-10-03 20:46:56,1765.0,6
2021-10-03 20:46:56,1765.1,2
2021-10-03 20:47:02,1765.2,5
2021-10-03 20:47:02,1765.3,6
2021-10-03 20:47:04,1765.3,1
2021-10-03 20:47:10,1765.4,4
2021-10-03 20:47:10,1765.5,9
2021-10-03 20:47:11,1765.5,4
2021-10-03 20:47:13,1765.5,3
2021-10-03 20:47:15,1765.5,4
2021-10-03 20:47:16,1765.5,1
2021-10-03 20:47:18,1765.6,4
2021-10-03 20:47:21,1765.7,2
2021-10-03 20:47:31,1765.7,2
2021-10-03 20:47:33,1765.8,2
2021-10-03 20:47:37,1765.9,7
2021-10-03 20:47:40,1765.9,2
2021-10-03 20:47:40,1765.8,1
2021-10-03 20:47:42,1765.8,1
2021-10-03 20:47:47,1765.8,1
2021-10-03 20:47:47,1765.9,3
2021-10-03 20:47:48,1765.9,5
2021-10-03 20:47:51,1765.9,2
2021-10-03 20:47:52,1765.8,4
2021-10-03 20:47:52,1765.9,2
2021-10-03 20:47:53,1765.8,2
2021-10-03 20:48:00,1765.9,2
2021-10-03 20:48:03,1765.9,4
2021-10-03 20:48:03,1765.8,1
2021-10-03 20:48:05,1765.9,1
2021-10-03 20:48:06,1766.0,11
2021-10-03 20:48:06,1766.1,1
2021-10-03 20:48:07,1766.1,3
2021-10-03 20:48:09,1766.2,1
2021-10-03 20:48:09,1766.1,3
2021-10-03 20:48:09,1766.0,1
2021-10-03 20:48:09,1766.1,4
2021-10-03 20:48:10,1766.0,1
2021-10-03 20:48:11,1766.0,1
2021-10-03 20:48:12,1766.1,2
2021-10-03 20:48:16,1766.1,1
2021-10-03 20:48:16,1766.2,8
2021-10-03 20:48:19,1766.2,2
2021-10-03 20:48:20,1766.1,1
2021-10-03 20:48:29,1766.1,1
2021-10-03 20:48:29,1766.2,5
2021-10-03 20:48:29,1766.1,1
2021-10-03 20:48:29,1766.2,1
2021-10-03 20:48:30,1766.3,7
2021-10-03 20:48:30,1766.4,11
2021-10-03 20:48:30,1766.5,10
2021-10-03 20:48:31,1766.5,1
2021-10-03 20:48:32,1766.3,1
2021-10-03 20:48:32,1766.4,4
2021-10-03 20:48:32,1766.5,1
2021-10-03 20:48:32,1766.4,5
2021-10-03 20:48:32,1766.5,2
2021-10-03 20:48:33,1766.4,1
2021-10-03 20:48:34,1766.4,1
2021-10-03 20:48:37,1766.3,8
2021-10-03 20:48:37,1766.2,3
2021-10-03 20:48:40,1766.2,2
2021-10-03 20:48:42,1766.1,4
2021-10-03 20:48:48,1766.2,1
2021-10-03 20:48:56,1766.0,7
2021-10-03 20:48:58,1766.0,1
2021-10-03 20:49:01,1766.1,1
2021-10-03 20:49:02,1766.1,1
2021-10-03 20:49:04,1766.0,1
2021-10-03 20:49:10,1766.1,4
2021-10-03 20:49:11,1766.1,3
2021-10-03 20:49:13,1766.1,4
2021-10-03 20:49:14,1766.1,1
2021-10-03 20:49:16,1766.1,1
2021-10-03 20:49:17,1766.1,1
2021-10-03 20:49:18,1766.1,1
2021-10-03 20:49:20,1766.1,2
2021-10-03 20:49:22,1766.1,1
2021-10-03 20:49:29,1766.0,4
2021-10-03 20:49:45,1765.8,2
2021-10-03 20:49:46,1765.8,2
2021-10-03 20:49:49,1765.7,2
2021-10-03 20:49:59,1765.7,2
2021-10-03 20:50:00,1765.7,2
2021-10-03 20:50:01,1765.8,1
2021-10-03 20:50:02,1765.7,1
2021-10-03 20:50:03,1765.7,2
2021-10-03 20:50:10,1765.7,2
2021-10-03 20:50:45,1765.8,1
2021-10-03 20:51:04,1765.8,4
2021-10-03 20:51:05,1765.9,6
2021-10-03 20:51:06,1766.0,1
2021-10-03 20:51:10,1765.9,13
2021-10-03 20:51:11,1765.9,3
2021-10-03 20:51:11,1766.0,2
2021-10-03 20:51:12,1766.0,1
2021-10-03 20:51:17,1766.0,2
2021-10-03 20:51:24,1765.9,4
2021-10-03 20:51:45,1765.9,1
2021-10-03 20:51:47,1765.9,1
2021-10-03 20:51:48,1765.9,1
2021-10-03 20:51:51,1765.8,3
2021-10-03 20:52:00,1765.7,2
2021-10-03 20:52:01,1765.6,2
2021-10-03 20:52:02,1765.6,2
2021-10-03 20:52:08,1765.6,2
2021-10-03 20:52:18,1765.8,2
2021-10-03 20:52:28,1765.7,1
2021-10-03 20:52:31,1765.6,1
2021-10-03 20:52:32,1765.5,3
2021-10-03 20:52:41,1765.5,2
2021-10-03 20:52:41,1765.4,1
2021-10-03 20:52:41,1765.3,4
2021-10-03 20:52:42,1765.3,1
2021-10-03 20:52:50,1765.4,5
2021-10-03 20:52:59,1765.5,1
2021-10-03 20:53:11,1765.4,21
2021-10-03 20:53:11,1765.5,5
2021-10-03 20:53:22,1765.4,21
2021-10-03 20:53:22,1765.5,2
2021-10-03 20:53:22,1765.6,1
2021-10-03 20:53:24,1765.5,1
2021-10-03 20:53:26,1765.6,1
2021-10-03 20:53:27,1765.5,2
2021-10-03 20:53:28,1765.5,1
2021-10-03 20:53:42,1765.4,13
2021-10-03 20:53:47,1765.4,19
2021-10-03 20:53:49,1765.4,4
2021-10-03 20:53:50,1765.4,1
2021-10-03 20:53:51,1765.4,9
2021-10-03 20:53:52,1765.4,11
2021-10-03 20:53:53,1765.4,1
2021-10-03 20:53:54,1765.4,3
2021-10-03 20:53:54,1765.3,6
2021-10-03 20:53:54,1765.2,6
2021-10-03 20:53:54,1765.1,5
2021-10-03 20:53:54,1765.0,8
2021-10-03 20:53:54,1764.9,4
2021-10-03 20:53:54,1765.0,2
2021-10-03 20:53:56,1765.1,3
2021-10-03 20:53:57,1765.1,2
2021-10-03 20:53:59,1765.1,4
2021-10-03 20:54:00,1765.1,2
2021-10-03 20:54:00,1764.9,3
2021-10-03 20:54:05,1764.9,1
2021-10-03 20:54:06,1764.9,1
2021-10-03 20:54:07,1764.9,1
2021-10-03 20:54:07,1764.8,2
2021-10-03 20:54:08,1764.9,1
2021-10-03 20:54:09,1764.8,1
2021-10-03 20:54:09,1764.7,2
2021-10-03 20:54:09,1764.8,3
2021-10-03 20:54:10,1764.9,1
2021-10-03 20:54:11,1764.9,1
2021-10-03 20:54:11,1765.0,1
2021-10-03 20:54:12,1765.0,1
2021-10-03 20:54:13,1765.1,1
2021-10-03 20:54:13,1765.0,1
2021-10-03 20:54:14,1765.0,1
2021-10-03 20:54:14,1765.1,1
2021-10-03 20:54:15,1765.1,1
2021-10-03 20:54:16,1765.0,2
2021-10-03 20:54:16,1765.1,1
2021-10-03 20:54:17,1765.1,1
2021-10-03 20:54:17,1765.0,1
2021-10-03 20:54:17,1765.1,1
2021-10-03 20:54:18,1765.1,1
2021-10-03 20:54:19,1765.1,1
2021-10-03 20:54:31,1765.0,16
2021-10-03 20:54:32,1765.1,1
2021-10-03 20:54:32,1764.9,1
2021-10-03 20:54:36,1764.9,3
2021-10-03 20:54:40,1764.9,2
2021-10-03 20:54:42,1764.9,1
2021-10-03 20:54:49,1764.8,1
2021-10-03 20:55:02,1764.8,1
2021-10-03 20:55:14,1764.8,1
2021-10-03 20:55:18,1764.6,1
2021-10-03 20:55:19,1764.6,2
2021-10-03 20:55:19,1764.5,1
2021-10-03 20:55:19,1764.4,1
2021-10-03 20:55:20,1764.5,3
2021-10-03 20:55:22,1764.6,1
2021-10-03 20:55:23,1764.7,4
2021-10-03 20:55:29,1764.7,1
2021-10-03 20:55:35,1764.7,1
2021-10-03 20:55:42,1764.6,2
2021-10-03 20:55:43,1764.6,1
2021-10-03 20:56:04,1764.5,2
2021-10-03 20:56:05,1764.5,2
2021-10-03 20:56:05,1764.4,1
2021-10-03 20:56:11,1764.6,1
2021-10-03 20:56:23,1764.4,4
2021-10-03 20:56:23,1764.6,2
2021-10-03 20:56:25,1764.5,1
2021-10-03 20:56:30,1764.6,2
2021-10-03 20:56:42,1764.6,1
2021-10-03 20:57:01,1764.5,2
2021-10-03 20:57:16,1764.6,1
2021-10-03 20:57:20,1764.7,2
2021-10-03 20:57:21,1764.7,1
2021-10-03 20:57:23,1764.7,1
2021-10-03 20:57:26,1764.7,2
2021-10-03 20:57:35,1764.7,2
2021-10-03 20:57:57,1764.7,1
2021-10-03 20:58:04,1764.6,1
2021-10-03 20:58:09,1764.6,1
2021-10-03 20:58:10,1764.6,1
2021-10-03 20:58:15,1764.5,4
2021-10-03 20:58:33,1764.4,1
2021-10-03 20:58:35,1764.4,3
2021-10-03 20:58:35,1764.5,1
2021-10-03 20:58:44,1764.6,2
2021-10-03 20:58:46,1764.6,1
2021-10-03 20:58:56,1764.8,2
2021-10-03 20:58:58,1764.8,3
2021-10-03 20:59:00,1764.6,1
2021-10-03 20:59:02,1764.6,3
2021-10-03 20:59:08,1764.7,2
2021-10-03 20:59:17,1764.7,1
2021-10-03 20:59:17,1764.8,3
2021-10-03 20:59:18,1764.9,3
2021-10-03 20:59:48,1764.9,1
2021-10-03 20:59:50,1764.8,1
2021-10-03 21:00:00,1764.8,1
2021-10-03 21:00:08,1765.0,1
2021-10-03 21:00:10,1764.8,3
2021-10-03 21:00:11,1764.8,1
2021-10-03 21:00:29,1764.8,3
2021-10-03 21:00:31,1764.9,1
2021-10-03 21:00:34,1764.9,1
2021-10-03 21:00:36,1764.9,1
2021-10-03 21:00:37,1764.8,2
2021-10-03 21:00:38,1764.9,7
2021-10-03 21:00:55,1765.0,1
2021-10-03 21:00:58,1764.9,3
2021-10-03 21:00:59,1765.0,9
2021-10-03 21:01:08,1765.1,1
2021-10-03 21:01:15,1765.1,3
2021-10-03 21:01:18,1765.0,1
2021-10-03 21:01:18,1764.9,1
2021-10-03 21:01:33,1764.9,2
2021-10-03 21:01:46,1764.9,1
2021-10-03 21:01:57,1765.0,1
2021-10-03 21:02:01,1764.8,6
2021-10-03 21:02:02,1764.8,1
2021-10-03 21:02:10,1764.8,2
2021-10-03 21:02:10,1764.9,1
2021-10-03 21:02:11,1765.0,3
2021-10-03 21:02:15,1764.9,1
2021-10-03 21:02:19,1764.8,3
2021-10-03 21:02:21,1764.8,1
2021-10-03 21:02:45,1764.9,1
2021-10-03 21:02:48,1764.9,4
2021-10-03 21:02:48,1764.8,2
2021-10-03 21:02:51,1764.9,1
2021-10-03 21:03:01,1764.9,1
2021-10-03 21:03:02,1764.9,1
2021-10-03 21:03:29,1764.7,2
2021-10-03 21:03:29,1764.6,5
2021-10-03 21:03:40,1764.6,2
2021-10-03 21:03:49,1764.7,1
2021-10-03 21:03:52,1764.6,1
2021-10-03 21:03:55,1764.6,1
2021-10-03 21:04:00,1764.5,1
2021-10-03 21:04:01,1764.6,1
2021-10-03 21:04:02,1764.5,1
2021-10-03 21:04:03,1764.6,1
2021-10-03 21:04:04,1764.7,1
2021-10-03 21:04:26,1764.6,2
2021-10-03 21:04:30,1764.7,2
2021-10-03 21:04:34,1764.6,1
2021-10-03 21:04:43,1764.6,1
2021-10-03 21:04:43,1764.5,1
2021-10-03 21:04:44,1764.6,2
2021-10-03 21:04:55,1764.6,2
2021-10-03 21:05:01,1764.8,1
2021-10-03 21:05:06,1764.7,1
2021-10-03 21:05:11,1764.6,1
2021-10-03 21:05:12,1764.7,1
2021-10-03 21:05:28,1764.5,8
2021-10-03 21:05:28,1764.6,2
2021-10-03 21:05:29,1764.7,2
2021-10-03 21:05:31,1764.7,1
2021-10-03 21:05:50,1764.8,5
2021-10-03 21:05:50,1764.9,15
2021-10-03 21:05:50,1765.0,1
2021-10-03 21:05:50,1764.9,1
2021-10-03 21:05:50,1765.0,1
2021-10-03 21:05:58,1765.0,4
2021-10-03 21:05:58,1764.9,1
2021-10-03 21:06:01,1765.0,2
2021-10-03 21:06:03,1765.1,1
2021-10-03 21:06:03,1765.0,2
2021-10-03 21:06:04,1765.1,1
2021-10-03 21:06:06,1765.2,2
2021-10-03 21:06:08,1765.2,3
2021-10-03 21:06:08,1765.3,8
2021-10-03 21:06:08,1765.4,8
2021-10-03 21:06:08,1765.3,3
2021-10-03 21:06:08,1765.4,6
2021-10-03 21:06:12,1765.4,1
2021-10-03 21:06:19,1765.4,10
2021-10-03 21:06:19,1765.3,20
2021-10-03 21:06:21,1765.4,1
2021-10-03 21:06:22,1765.5,1
2021-10-03 21:06:30,1765.4,2
2021-10-03 21:06:31,1765.5,1
2021-10-03 21:06:34,1765.4,1
2021-10-03 21:06:41,1765.3,3
2021-10-03 21:06:52,1765.3,1
2021-10-03 21:07:04,1765.3,1
2021-10-03 21:07:11,1765.3,4
2021-10-03 21:07:11,1765.4,1
2021-10-03 21:07:12,1765.3,1
2021-10-03 21:07:20,1765.3,2
2021-10-03 21:07:21,1765.3,1
2021-10-03 21:07:25,1765.3,1
2021-10-03 21:07:51,1765.3,2
2021-10-03 21:07:53,1765.3,1
2021-10-03 21:08:00,1765.3,3
2021-10-03 21:08:08,1765.3,8
2021-10-03 21:08:08,1765.4,3
2021-10-03 21:08:08,1765.5,1
2021-10-03 21:08:09,1765.6,1
2021-10-03 21:08:11,1765.7,3
2021-10-03 21:08:13,1765.8,1
2021-10-03 21:08:14,1765.8,2
2021-10-03 21:08:17,1765.8,4
2021-10-03 21:08:20,1765.8,2
2021-10-03 21:08:23,1765.7,1
2021-10-03 21:08:27,1765.7,1
2021-10-03 21:08:28,1765.8,3
2021-10-03 21:08:35,1765.8,1
2021-10-03 21:08:39,1765.8,2
2021-10-03 21:08:41,1765.8,1
2021-10-03 21:08:44,1765.7,1
2021-10-03 21:08:50,1765.9,3
2021-10-03 21:08:51,1765.8,13
2021-10-03 21:08:53,1765.8,2
2021-10-03 21:08:54,1765.7,2
2021-10-03 21:08:55,1765.7,1
2021-10-03 21:08:56,1765.7,8
2021-10-03 21:08:56,1765.8,4
2021-10-03 21:08:58,1765.8,1
2021-10-03 21:08:59,1765.8,1
2021-10-03 21:08:59,1765.9,5
2021-10-03 21:09:00,1765.9,2
2021-10-03 21:09:02,1766.0,6
2021-10-03 21:09:02,1765.9,2
2021-10-03 21:09:04,1765.9,3
2021-10-03 21:09:04,1765.8,1
2021-10-03 21:09:06,1765.9,2
2021-10-03 21:09:08,1765.8,1
2021-10-03 21:09:12,1765.9,2
2021-10-03 21:09:14,1765.9,2
2021-10-03 21:09:15,1766.0,2
2021-10-03 21:09:15,1765.9,1
2021-10-03 21:09:15,1766.0,1
2021-10-03 21:09:24,1765.9,1
2021-10-03 21:09:26,1766.0,1
2021-10-03 21:09:31,1765.9,2
2021-10-03 21:09:32,1765.9,1
2021-10-03 21:09:34,1765.9,2
2021-10-03 21:09:39,1765.9,1
2021-10-03 21:09:44,1765.8,2
2021-10-03 21:09:45,1765.8,2
2021-10-03 21:09:47,1765.7,1
2021-10-03 21:09:51,1765.7,5
2021-10-03 21:09:51,1765.6,9
2021-10-03 21:09:51,1765.5,1
2021-10-03 21:10:00,1765.5,3
2021-10-03 21:10:01,1765.5,7
2021-10-03 21:10:03,1765.5,2
2021-10-03 21:10:13,1765.6,3
2021-10-03 21:10:29,1765.5,1
2021-10-03 21:10:33,1765.4,3
2021-10-03 21:10:38,1765.4,2
2021-10-03 21:10:39,1765.4,1
2021-10-03 21:10:42,1765.5,2
2021-10-03 21:10:58,1765.5,1
2021-10-03 21:11:16,1765.5,2
2021-10-03 21:11:32,1765.5,2
2021-10-03 21:12:05,1765.4,1
2021-10-03 21:12:14,1765.5,2
2021-10-03 21:12:17,1765.7,3
2021-10-03 21:12:18,1765.7,1
2021-10-03 21:12:18,1765.6,1
2021-10-03 21:12:23,1765.7,1
2021-10-03 21:12:27,1765.8,3
2021-10-03 21:12:35,1765.9,1
2021-10-03 21:12:38,1765.9,3
2021-10-03 21:12:42,1766.0,4
2021-10-03 21:12:44,1766.0,1
2021-10-03 21:12:47,1766.0,2
2021-10-03 21:12:48,1766.0,3
2021-10-03 21:13:02,1765.9,1
2021-10-03 21:13:04,1766.0,2
2021-10-03 21:13:04,1765.9,4
2021-10-03 21:13:13,1765.8,3
2021-10-03 21:13:20,1765.7,1
2021-10-03 21:13:28,1765.7,1
2021-10-03 21:13:31,1765.6,5
2021-10-03 21:13:32,1765.6,3
2021-10-03 21:13:34,1765.5,1
2021-10-03 21:13:42,1765.6,9
2021-10-03 21:13:54,1765.7,7
2021-10-03 21:14:00,1765.6,2
2021-10-03 21:14:02,1765.6,4
2021-10-03 21:14:02,1765.5,2
2021-10-03 21:14:03,1765.6,1
2021-10-03 21:14:04,1765.5,1
2021-10-03 21:14:08,1765.5,1
2021-10-03 21:14:08,1765.4,3
2021-10-03 21:14:10,1765.4,1
2021-10-03 21:14:23,1765.4,2
2021-10-03 21:14:24,1765.4,2
2021-10-03 21:14:38,1765.4,3
2021-10-03 21:14:39,1765.4,6
2021-10-03 21:14:53,1765.3,2
2021-10-03 21:14:57,1765.3,3
2021-10-03 21:15:02,1765.3,1
2021-10-03 21:15:12,1765.4,6
2021-10-03 21:15:24,1765.3,1
2021-10-03 21:15:31,1765.3,2
2021-10-03 21:15:38,1765.3,2
2021-10-03 21:15:44,1765.4,1
2021-10-03 21:16:11,1765.5,5
2021-10-03 21:16:11,1765.6,4
2021-10-03 21:16:11,1765.5,4
2021-10-03 21:16:21,1765.4,3
2021-10-03 21:16:22,1765.4,4
2021-10-03 21:16:23,1765.4,1
2021-10-03 21:16:23,1765.3,1
2021-10-03 21:16:23,1765.4,2
2021-10-03 21:16:23,1765.3,1
2021-10-03 21:16:23,1765.4,1
2021-10-03 21:16:27,1765.3,3
2021-10-03 21:16:32,1765.2,3
2021-10-03 21:16:33,1765.3,3
2021-10-03 21:16:34,1765.4,1
2021-10-03 21:16:37,1765.4,12
2021-10-03 21:16:44,1765.3,3
2021-10-03 21:16:47,1765.3,1
2021-10-03 21:17:01,1765.3,2
2021-10-03 21:17:02,1765.2,6
2021-10-03 21:17:06,1765.2,2
2021-10-03 21:17:12,1765.2,1
2021-10-03 21:17:12,1765.3,5
2021-10-03 21:17:15,1765.4,1
2021-10-03 21:17:20,1765.6,3
2021-10-03 21:17:22,1765.6,1
2021-10-03 21:17:25,1765.5,2
2021-10-03 21:17:32,1765.5,3
2021-10-03 21:17:33,1765.5,2
2021-10-03 21:17:34,1765.4,2
2021-10-03 21:17:47,1765.2,3
2021-10-03 21:17:53,1765.0,1
2021-10-03 21:17:57,1765.0,1
2021-10-03 21:17:58,1765.0,2
2021-10-03 21:18:00,1765.0,1
2021-10-03 21:18:02,1765.0,1
2021-10-03 21:18:04,1765.1,3
2021-10-03 21:18:16,1765.2,8
2021-10-03 21:18:22,1765.2,1
2021-10-03 21:18:24,1765.2,1
2021-10-03 21:18:32,1765.2,1
2021-10-03 21:18:33,1765.2,1
2021-10-03 21:18:34,1765.2,4
2021-10-03 21:18:36,1765.2,1
2021-10-03 21:18:37,1765.2,1
2021-10-03 21:18:38,1765.2,1
2021-10-03 21:18:39,1765.2,1
2021-10-03 21:18:41,1765.2,2
2021-10-03 21:18:43,1765.3,1
2021-10-03 21:18:45,1765.3,1
2021-10-03 21:18:47,1765.3,1
2021-10-03 21:18:48,1765.3,1
2021-10-03 21:18:48,1765.4,1
2021-10-03 21:18:49,1765.4,1
2021-10-03 21:18:49,1765.3,1
2021-10-03 21:18:50,1765.3,1
2021-10-03 21:18:51,1765.3,1
2021-10-03 21:18:53,1765.3,3
2021-10-03 21:18:55,1765.3,2
2021-10-03 21:18:56,1765.2,7
2021-10-03 21:18:57,1765.2,3
2021-10-03 21:18:57,1765.3,1
2021-10-03 21:18:59,1765.4,1
2021-10-03 21:19:00,1765.3,2
2021-10-03 21:19:01,1765.3,3
2021-10-03 21:19:02,1765.2,2
2021-10-03 21:19:04,1765.2,3
2021-10-03 21:19:07,1765.2,1
2021-10-03 21:19:08,1765.2,2
2021-10-03 21:19:15,1765.3,6
2021-10-03 21:19:16,1765.3,6
2021-10-03 21:19:22,1765.2,2
2021-10-03 21:19:26,1765.2,1
2021-10-03 21:19:34,1765.2,5
2021-10-03 21:19:34,1765.3,1
2021-10-03 21:19:35,1765.3,1
2021-10-03 21:19:39,1765.2,4
2021-10-03 21:19:40,1765.2,1
2021-10-03 21:19:47,1765.3,21
2021-10-03 21:19:49,1765.2,4
2021-10-03 21:20:18,1765.2,7
2021-10-03 21:20:21,1765.2,7
2021-10-03 21:20:23,1765.1,6
2021-10-03 21:20:31,1765.1,1
2021-10-03 21:20:32,1765.2,13
2021-10-03 21:20:37,1765.2,2
2021-10-03 21:20:39,1765.2,1
2021-10-03 21:20:48,1765.3,2
2021-10-03 21:20:52,1765.3,1
2021-10-03 21:21:02,1765.2,1
2021-10-03 21:21:05,1765.2,5
2021-10-03 21:21:11,1765.1,1
2021-10-03 21:21:20,1765.1,1
2021-10-03 21:21:20,1765.2,1
2021-10-03 21:21:25,1765.2,3
2021-10-03 21:21:40,1765.2,2
2021-10-03 21:21:58,1765.1,1
2021-10-03 21:22:15,1765.0,3
2021-10-03 21:22:16,1764.9,3
2021-10-03 21:22:16,1764.8,1
2021-10-03 21:22:16,1764.9,1
2021-10-03 21:22:17,1764.8,1
2021-10-03 21:22:18,1764.8,1
2021-10-03 21:22:23,1764.9,3
2021-10-03 21:22:59,1764.9,5
2021-10-03 21:23:00,1764.9,3
2021-10-03 21:23:01,1764.8,3
2021-10-03 21:23:02,1764.7,4
2021-10-03 21:23:04,1764.6,2
2021-10-03 21:23:05,1764.6,1
2021-10-03 21:23:06,1764.6,1
2021-10-03 21:23:07,1764.6,1
2021-10-03 21:23:08,1764.6,1
2021-10-03 21:23:10,1764.6,1
2021-10-03 21:23:11,1764.6,1
2021-10-03 21:23:13,1764.6,1
2021-10-03 21:23:14,1764.6,1
2021-10-03 21:23:21,1764.7,4
2021-10-03 21:23:25,1764.7,1
2021-10-03 21:23:27,1764.8,2
2021-10-03 21:23:27,1764.9,2
2021-10-03 21:23:36,1765.0,1
2021-10-03 21:23:51,1765.0,9
2021-10-03 21:23:58,1765.0,2
2021-10-03 21:24:00,1765.0,2
2021-10-03 21:24:01,1765.1,2
2021-10-03 21:24:02,1765.0,3
2021-10-03 21:24:03,1765.0,1
2021-10-03 21:24:04,1764.9,1
2021-10-03 21:24:04,1765.0,1
2021-10-03 21:24:05,1765.0,7
2021-10-03 21:24:08,1765.1,1
2021-10-03 21:24:10,1765.2,1
2021-10-03 21:24:11,1765.2,1
2021-10-03 21:24:12,1765.2,2
2021-10-03 21:24:13,1765.2,1
2021-10-03 21:24:33,1765.2,1
2021-10-03 21:24:40,1765.2,2
2021-10-03 21:24:43,1765.2,2
2021-10-03 21:24:51,1765.2,1
2021-10-03 21:24:53,1765.2,1
2021-10-03 21:25:02,1765.2,1
2021-10-03 21:25:10,1765.1,3
2021-10-03 21:25:30,1765.1,1
2021-10-03 21:25:40,1765.2,1
2021-10-03 21:25:53,1765.2,2
2021-10-03 21:26:10,1765.0,1
2021-10-03 21:26:28,1764.9,1
2021-10-03 21:26:33,1764.9,2
2021-10-03 21:26:34,1764.9,6
2021-10-03 21:27:03,1764.8,6
2021-10-03 21:27:05,1764.7,1
2021-10-03 21:27:13,1764.7,8
2021-10-03 21:27:14,1764.6,7
2021-10-03 21:27:14,1764.5,11
2021-10-03 21:27:14,1764.4,4
2021-10-03 21:27:14,1764.6,1
2021-10-03 21:27:20,1764.7,1
2021-10-03 21:27:21,1764.8,1
2021-10-03 21:27:25,1764.8,1
2021-10-03 21:27:34,1764.8,4
2021-10-03 21:27:56,1764.8,1
2021-10-03 21:28:03,1764.8,1
2021-10-03 21:28:04,1764.8,1
2021-10-03 21:28:08,1764.8,1
2021-10-03 21:28:16,1764.8,1
2021-10-03 21:28:24,1764.8,1
2021-10-03 21:28:28,1764.9,2
2021-10-03 21:28:36,1765.0,3
2021-10-03 21:28:45,1765.0,16
2021-10-03 21:28:50,1765.1,2
2021-10-03 21:28:54,1765.1,2
2021-10-03 21:29:00,1765.0,2
2021-10-03 21:29:02,1765.0,1
2021-10-03 21:29:04,1765.0,2
2021-10-03 21:29:15,1765.0,2
2021-10-03 21:29:22,1764.9,1
2021-10-03 21:29:26,1765.0,2
2021-10-03 21:29:43,1764.9,3
2021-10-03 21:29:51,1764.9,1
2021-10-03 21:29:56,1765.0,1
2021-10-03 21:30:00,1764.9,1
2021-10-03 21:30:06,1765.0,3
2021-10-03 21:30:16,1765.0,3
2021-10-03 21:30:19,1765.0,1
2021-10-03 21:30:30,1765.0,2
2021-10-03 21:30:33,1764.9,6
2021-10-03 21:30:47,1765.0,1
2021-10-03 21:30:52,1764.9,1
2021-10-03 21:30:52,1765.0,8
2021-10-03 21:32:01,1765.0,1
2021-10-03 21:32:02,1765.0,3
2021-10-03 21:32:08,1765.1,3
2021-10-03 21:32:08,1765.2,5
2021-10-03 21:32:09,1765.3,6
2021-10-03 21:32:16,1765.3,1
2021-10-03 21:32:17,1765.4,1
2021-10-03 21:32:18,1765.3,1
2021-10-03 21:32:19,1765.3,1
2021-10-03 21:32:21,1765.3,1
2021-10-03 21:32:24,1765.3,1
2021-10-03 21:32:25,1765.2,5
2021-10-03 21:32:25,1765.1,2
2021-10-03 21:32:25,1765.2,1
2021-10-03 21:32:30,1765.2,1
2021-10-03 21:32:59,1765.1,2
2021-10-03 21:33:09,1765.1,4
2021-10-03 21:33:11,1765.1,1
2021-10-03 21:33:14,1765.2,3
2021-10-03 21:33:18,1765.3,1
2021-10-03 21:33:22,1765.3,3
2021-10-03 21:33:28,1765.3,2
2021-10-03 21:33:33,1765.3,1
2021-10-03 21:33:34,1765.3,2
2021-10-03 21:33:35,1765.2,2
2021-10-03 21:33:44,1765.2,1
2021-10-03 21:33:58,1765.3,1
2021-10-03 21:34:00,1765.3,4
2021-10-03 21:34:02,1765.2,5
2021-10-03 21:34:03,1765.1,3
2021-10-03 21:34:25,1765.0,3
2021-10-03 21:34:30,1764.9,2
2021-10-03 21:34:43,1764.9,1
2021-10-03 21:34:50,1764.9,3
2021-10-03 21:34:53,1764.8,2
2021-10-03 21:34:54,1764.7,1
2021-10-03 21:34:57,1764.8,3
2021-10-03 21:34:57,1764.9,5
2021-10-03 21:34:58,1764.8,1
2021-10-03 21:35:09,1764.9,1
2021-10-03 21:35:15,1764.9,3
2021-10-03 21:35:18,1764.9,2
2021-10-03 21:35:31,1764.8,3
2021-10-03 21:36:00,1764.7,2
2021-10-03 21:36:07,1764.7,5
2021-10-03 21:36:16,1764.7,13
2021-10-03 21:36:49,1764.7,6
2021-10-03 21:36:55,1764.7,2
2021-10-03 21:37:02,1764.7,1
2021-10-03 21:37:02,1764.6,1
2021-10-03 21:37:04,1764.6,1
2021-10-03 21:37:09,1764.7,1
2021-10-03 21:37:29,1764.7,1
2021-10-03 21:37:30,1764.7,1
2021-10-03 21:37:31,1764.8,1
2021-10-03 21:37:31,1764.9,1
2021-10-03 21:37:35,1764.9,1
2021-10-03 21:37:35,1765.0,5
2021-10-03 21:37:41,1765.1,1
2021-10-03 21:37:44,1765.1,1
2021-10-03 21:37:49,1765.2,1
2021-10-03 21:37:53,1765.2,1
2021-10-03 21:38:01,1765.3,7
2021-10-03 21:38:02,1765.3,3
2021-10-03 21:38:17,1765.2,1
2021-10-03 21:38:17,1765.3,1
2021-10-03 21:38:25,1765.3,6
2021-10-03 21:38:25,1765.4,9
2021-10-03 21:38:25,1765.5,4
2021-10-03 21:38:41,1765.5,4
2021-10-03 21:38:56,1765.5,2
2021-10-03 21:39:00,1765.6,2
2021-10-03 21:39:01,1765.6,2
2021-10-03 21:39:01,1765.5,2
2021-10-03 21:39:02,1765.5,4
2021-10-03 21:39:03,1765.4,6
2021-10-03 21:39:04,1765.3,2
2021-10-03 21:39:20,1765.3,1
2021-10-03 21:39:38,1765.1,1
2021-10-03 21:39:52,1765.2,1
2021-10-03 21:40:21,1765.1,2
2021-10-03 21:40:21,1765.0,5
2021-10-03 21:40:21,1764.9,2
2021-10-03 21:40:22,1765.0,1
2021-10-03 21:40:35,1764.9,1
2021-10-03 21:40:42,1764.9,1
2021-10-03 21:40:45,1764.9,3
2021-10-03 21:40:53,1764.8,5
2021-10-03 21:40:53,1764.7,11
2021-10-03 21:40:59,1764.7,8
2021-10-03 21:41:03,1764.7,3
2021-10-03 21:41:04,1764.8,1
2021-10-03 21:41:10,1764.9,2
2021-10-03 21:41:11,1764.9,2
2021-10-03 21:41:14,1765.0,4
2021-10-03 21:41:21,1765.0,18
2021-10-03 21:41:21,1764.9,2
2021-10-03 21:41:22,1764.9,1
2021-10-03 21:41:37,1765.0,11
2021-10-03 21:41:48,1764.9,2
2021-10-03 21:41:48,1764.8,1
2021-10-03 21:41:55,1764.7,1
2021-10-03 21:41:59,1764.7,3
2021-10-03 21:42:02,1764.6,1
2021-10-03 21:42:05,1764.6,4
2021-10-03 21:42:07,1764.5,2
2021-10-03 21:42:07,1764.4,1
2021-10-03 21:42:07,1764.5,4
2021-10-03 21:42:09,1764.6,2
2021-10-03 21:42:09,1764.5,3
2021-10-03 21:42:15,1764.6,3
2021-10-03 21:42:15,1764.7,1
2021-10-03 21:42:16,1764.7,3
2021-10-03 21:42:19,1764.7,3
2021-10-03 21:42:21,1764.7,1
2021-10-03 21:42:29,1764.9,1
2021-10-03 21:42:31,1764.9,1
2021-10-03 21:42:36,1765.0,2
2021-10-03 21:42:44,1765.0,2
2021-10-03 21:42:45,1765.1,2
2021-10-03 21:42:46,1765.0,1
2021-10-03 21:42:50,1765.0,13
2021-10-03 21:42:52,1765.1,1
2021-10-03 21:43:01,1765.2,2
2021-10-03 21:43:04,1765.1,1
2021-10-03 21:43:13,1765.2,1
2021-10-03 21:43:16,1765.3,1
2021-10-03 21:43:19,1765.3,1
2021-10-03 21:43:29,1765.2,2
2021-10-03 21:43:48,1765.0,1
2021-10-03 21:43:49,1765.0,5
2021-10-03 21:43:49,1764.9,4
2021-10-03 21:43:49,1764.8,4
2021-10-03 21:43:49,1764.9,1
2021-10-03 21:43:55,1764.9,2
2021-10-03 21:44:01,1764.9,1
2021-10-03 21:44:02,1764.9,3
2021-10-03 21:44:04,1764.8,1
2021-10-03 21:44:13,1764.7,2
2021-10-03 21:44:13,1764.6,2
2021-10-03 21:44:15,1764.7,1
2021-10-03 21:44:17,1764.7,3
2021-10-03 21:44:17,1764.8,1
2021-10-03 21:44:17,1764.7,3
2021-10-03 21:44:23,1764.6,1
2021-10-03 21:44:27,1764.7,2
2021-10-03 21:44:30,1764.7,1
2021-10-03 21:44:31,1764.6,5
2021-10-03 21:44:31,1764.7,2
2021-10-03 21:44:31,1764.8,3
2021-10-03 21:44:36,1764.6,1
2021-10-03 21:44:44,1764.7,1
2021-10-03 21:44:46,1764.8,8
2021-10-03 21:44:46,1764.9,3
2021-10-03 21:44:47,1764.8,1
2021-10-03 21:44:50,1764.8,1
2021-10-03 21:44:51,1764.8,1
2021-10-03 21:45:01,1764.8,1
2021-10-03 21:45:01,1764.9,1
2021-10-03 21:45:01,1764.8,1
2021-10-03 21:45:02,1764.7,1
2021-10-03 21:45:05,1764.8,1
2021-10-03 21:45:11,1764.7,2
2021-10-03 21:45:16,1764.6,3
2021-10-03 21:45:26,1764.7,3
2021-10-03 21:45:26,1764.8,1
2021-10-03 21:45:27,1764.8,1
2021-10-03 21:45:39,1764.7,1
2021-10-03 21:45:49,1764.6,1
2021-10-03 21:45:52,1764.6,1
2021-10-03 21:45:54,1764.6,1
2021-10-03 21:45:57,1764.5,1
2021-10-03 21:45:59,1764.5,1
2021-10-03 21:46:16,1764.5,2
2021-10-03 21:46:19,1764.5,1
2021-10-03 21:46:26,1764.5,1
2021-10-03 21:46:30,1764.6,1
2021-10-03 21:46:45,1764.6,2
2021-10-03 21:46:54,1764.6,4
2021-10-03 21:47:13,1764.5,1
2021-10-03 21:47:23,1764.5,5
2021-10-03 21:47:26,1764.6,1
2021-10-03 21:47:35,1764.5,4
2021-10-03 21:47:37,1764.5,1
2021-10-03 21:47:45,1764.5,1
2021-10-03 21:47:54,1764.6,1
2021-10-03 21:48:06,1764.6,2
2021-10-03 21:48:15,1764.5,6
2021-10-03 21:48:20,1764.5,1
2021-10-03 21:48:34,1764.5,3
2021-10-03 21:48:46,1764.4,3
2021-10-03 21:48:55,1764.3,2
2021-10-03 21:48:57,1764.4,1
2021-10-03 21:48:59,1764.3,2
2021-10-03 21:49:00,1764.3,4
2021-10-03 21:49:03,1764.2,1
2021-10-03 21:49:08,1764.2,1
2021-10-03 21:49:10,1764.2,1
2021-10-03 21:49:12,1764.3,4
2021-10-03 21:49:18,1764.3,5
2021-10-03 21:49:19,1764.2,3
2021-10-03 21:49:22,1764.2,2
2021-10-03 21:49:27,1764.1,2
2021-10-03 21:49:28,1764.1,2
2021-10-03 21:49:31,1764.1,1
2021-10-03 21:49:31,1764.2,6
2021-10-03 21:49:31,1764.3,1
2021-10-03 21:49:35,1764.2,4
2021-10-03 21:49:38,1764.2,3
2021-10-03 21:49:42,1764.2,4
2021-10-03 21:49:43,1764.2,1
2021-10-03 21:49:46,1764.2,1
2021-10-03 21:49:52,1764.1,1
2021-10-03 21:49:56,1764.0,4
2021-10-03 21:49:59,1764.0,1
2021-10-03 21:49:59,1763.9,7
2021-10-03 21:50:01,1764.0,7
2021-10-03 21:50:02,1764.0,3
2021-10-03 21:50:05,1764.0,1
2021-10-03 21:50:07,1764.0,1
2021-10-03 21:50:11,1763.9,2
2021-10-03 21:50:13,1763.9,1
2021-10-03 21:50:17,1763.9,1
2021-10-03 21:50:19,1763.9,12
2021-10-03 21:50:19,1764.0,3
2021-10-03 21:50:20,1764.0,1
2021-10-03 21:50:21,1763.9,4
2021-10-03 21:50:22,1764.0,1
2021-10-03 21:50:26,1764.1,1
2021-10-03 21:50:26,1764.0,3
2021-10-03 21:50:26,1764.1,3
2021-10-03 21:50:31,1764.1,1
2021-10-03 21:50:36,1764.1,1
2021-10-03 21:50:44,1764.0,1
2021-10-03 21:50:45,1764.1,1
2021-10-03 21:50:45,1763.9,1
2021-10-03 21:50:52,1764.0,1
2021-10-03 21:50:54,1764.0,4
2021-10-03 21:50:56,1764.1,1
2021-10-03 21:51:00,1764.2,2
2021-10-03 21:51:00,1764.1,3
2021-10-03 21:51:07,1764.0,4
2021-10-03 21:51:09,1764.0,2
2021-10-03 21:51:11,1764.1,1
2021-10-03 21:51:18,1764.0,1
2021-10-03 21:51:24,1764.0,1
2021-10-03 21:51:26,1764.0,1
2021-10-03 21:51:30,1764.0,1
2021-10-03 21:51:32,1764.0,2
2021-10-03 21:51:33,1763.9,5
2021-10-03 21:51:33,1763.8,7
2021-10-03 21:51:33,1763.7,9
2021-10-03 21:51:33,1763.6,10
2021-10-03 21:51:33,1763.5,11
2021-10-03 21:51:33,1763.4,5
2021-10-03 21:51:33,1763.5,9
2021-10-03 21:51:33,1763.6,12
2021-10-03 21:51:34,1763.5,5
2021-10-03 21:51:34,1763.6,1
2021-10-03 21:51:35,1763.5,1
2021-10-03 21:51:36,1763.6,1
2021-10-03 21:51:39,1763.6,2
2021-10-03 21:51:39,1763.7,2
2021-10-03 21:51:39,1763.6,7
2021-10-03 21:51:40,1763.6,1
2021-10-03 21:51:41,1763.6,1
2021-10-03 21:51:43,1763.5,3
2021-10-03 21:51:43,1763.4,1
2021-10-03 21:51:46,1763.4,3
2021-10-03 21:51:48,1763.3,3
2021-10-03 21:51:49,1763.3,1
2021-10-03 21:51:51,1763.4,2
2021-10-03 21:51:56,1763.4,1
2021-10-03 21:51:57,1763.4,1
2021-10-03 21:52:10,1763.5,13
2021-10-03 21:52:13,1763.5,1
2021-10-03 21:52:13,1763.4,1
2021-10-03 21:52:13,1763.5,1
2021-10-03 21:52:18,1763.6,3
2021-10-03 21:52:19,1763.6,1
2021-10-03 21:52:23,1763.6,4
2021-10-03 21:52:26,1763.6,4
2021-10-03 21:52:29,1763.6,1
2021-10-03 21:52:30,1763.5,2
2021-10-03 21:52:36,1763.5,2
2021-10-03 21:52:40,1763.5,1
2021-10-03 21:52:48,1763.4,2
2021-10-03 21:52:51,1763.4,1
2021-10-03 21:52:58,1763.5,1
2021-10-03 21:53:25,1763.5,6
2021-10-03 21:53:31,1763.5,4
2021-10-03 21:53:35,1763.5,1
2021-10-03 21:53:38,1763.6,2
2021-10-03 21:53:41,1763.7,2
2021-10-03 21:53:41,1763.8,1
2021-10-03 21:53:41,1763.7,3
2021-10-03 21:53:45,1763.7,1
2021-10-03 21:53:48,1763.6,1
2021-10-03 21:53:54,1763.7,1
2021-10-03 21:53:55,1763.7,3
2021-10-03 21:53:55,1763.8,6
2021-10-03 21:53:55,1763.7,10
2021-10-03 21:54:00,1763.6,2
2021-10-03 21:54:01,1763.7,6
2021-10-03 21:54:02,1763.6,1
2021-10-03 21:54:03,1763.6,5
2021-10-03 21:54:04,1763.5,1
2021-10-03 21:54:05,1763.5,1
2021-10-03 21:54:10,1763.6,1
2021-10-03 21:54:13,1763.5,1
2021-10-03 21:54:23,1763.5,2
2021-10-03 21:54:25,1763.5,1
2021-10-03 21:54:26,1763.5,1
2021-10-03 21:54:35,1763.6,2
2021-10-03 21:54:38,1763.5,2
2021-10-03 21:54:45,1763.6,5
2021-10-03 21:54:52,1763.5,1
2021-10-03 21:55:26,1763.6,1
2021-10-03 21:55:28,1763.5,4
2021-10-03 21:55:32,1763.5,9
2021-10-03 21:55:44,1763.5,9
2021-10-03 21:55:46,1763.6,2
2021-10-03 21:55:48,1763.6,1
2021-10-03 21:55:51,1763.6,1
2021-10-03 21:55:55,1763.7,1
2021-10-03 21:56:03,1763.7,2
2021-10-03 21:56:07,1763.5,2
2021-10-03 21:56:07,1763.6,1
2021-10-03 21:56:09,1763.6,1
2021-10-03 21:56:10,1763.7,1
2021-10-03 21:56:19,1763.6,1
2021-10-03 21:56:41,1763.6,2
2021-10-03 21:56:45,1763.6,1
2021-10-03 21:56:59,1763.5,1
2021-10-03 21:56:59,1763.6,1
2021-10-03 21:56:59,1763.5,1
2021-10-03 21:57:01,1763.5,3
2021-10-03 21:57:01,1763.6,2
2021-10-03 21:57:02,1763.6,1
2021-10-03 21:57:03,1763.6,4
2021-10-03 21:57:15,1763.6,2
2021-10-03 21:57:21,1763.6,2
2021-10-03 21:57:21,1763.7,1
2021-10-03 21:57:22,1763.7,6
2021-10-03 21:57:26,1763.7,2
2021-10-03 21:57:53,1763.5,2
2021-10-03 21:58:16,1763.4,5
2021-10-03 21:58:19,1763.3,4
2021-10-03 21:58:20,1763.3,1
2021-10-03 21:58:26,1763.4,5
2021-10-03 21:58:32,1763.4,3
2021-10-03 21:58:34,1763.4,2
2021-10-03 21:58:34,1763.3,1
2021-10-03 21:58:35,1763.4,2
2021-10-03 21:58:36,1763.4,2
2021-10-03 21:58:44,1763.4,1
2021-10-03 21:58:50,1763.4,2
2021-10-03 21:58:52,1763.4,2
2021-10-03 21:58:56,1763.4,1
2021-10-03 21:58:58,1763.4,2
2021-10-03 21:59:01,1763.3,2
2021-10-03 21:59:03,1763.3,1
2021-10-03 21:59:06,1763.3,2
2021-10-03 21:59:13,1763.2,3
2021-10-03 21:59:13,1763.1,8
2021-10-03 21:59:16,1763.1,1
2021-10-03 21:59:17,1763.1,1
2021-10-03 21:59:18,1763.1,2
2021-10-03 21:59:19,1763.1,2
2021-10-03 21:59:20,1763.0,8
2021-10-03 21:59:20,1762.9,17
2021-10-03 21:59:21,1762.9,5
2021-10-03 21:59:24,1762.9,3
2021-10-03 21:59:24,1763.0,1
2021-10-03 21:59:25,1762.9,1
2021-10-03 21:59:26,1763.0,5
2021-10-03 21:59:27,1763.0,6
2021-10-03 21:59:31,1763.1,1
2021-10-03 21:59:33,1763.0,2
2021-10-03 21:59:34,1762.9,4
2021-10-03 21:59:35,1762.8,1
2021-10-03 21:59:40,1762.9,3
2021-10-03 21:59:40,1762.8,1
2021-10-03 21:59:42,1762.9,3
2021-10-03 21:59:47,1762.9,1
2021-10-03 21:59:53,1762.9,1
2021-10-03 21:59:58,1762.8,2
2021-10-03 21:59:58,1762.7,7
2021-10-03 21:59:58,1762.6,1
2021-10-03 21:59:59,1762.6,1
2021-10-03 22:00:00,1762.7,1
2021-10-03 22:00:01,1762.7,3
2021-10-03 22:00:01,1762.6,1
2021-10-03 22:00:03,1762.7,3
2021-10-03 22:00:07,1762.8,5
2021-10-03 22:00:08,1762.8,1
2021-10-03 22:00:10,1762.8,1
2021-10-03 22:00:13,1762.8,1
2021-10-03 22:00:15,1762.9,1
2021-10-03 22:00:48,1762.9,5
2021-10-03 22:00:48,1763.0,1
2021-10-03 22:00:49,1762.9,7
2021-10-03 22:00:52,1763.0,1
2021-10-03 22:01:09,1762.9,2
2021-10-03 22:01:16,1762.9,1
2021-10-03 22:01:20,1762.9,2
2021-10-03 22:01:28,1763.0,1
2021-10-03 22:01:31,1762.9,2
2021-10-03 22:01:38,1762.8,2
2021-10-03 22:01:46,1762.7,1
2021-10-03 22:01:46,1762.6,11
2021-10-03 22:01:46,1762.5,11
2021-10-03 22:01:46,1762.4,2
2021-10-03 22:01:46,1762.6,3
2021-10-03 22:01:46,1762.7,3
2021-10-03 22:01:46,1762.6,1
2021-10-03 22:01:46,1762.7,10
2021-10-03 22:01:46,1762.6,1
2021-10-03 22:01:46,1762.7,2
2021-10-03 22:01:47,1762.6,1
2021-10-03 22:01:48,1762.6,4
2021-10-03 22:01:48,1762.5,14
2021-10-03 22:01:48,1762.4,7
2021-10-03 22:01:48,1762.5,1
2021-10-03 22:01:52,1762.6,1
2021-10-03 22:01:53,1762.5,2
2021-10-03 22:01:57,1762.5,4
2021-10-03 22:02:08,1762.5,2
2021-10-03 22:02:23,1762.4,1
2021-10-03 22:02:25,1762.5,9
2021-10-03 22:02:26,1762.6,1
2021-10-03 22:02:28,1762.6,1
2021-10-03 22:02:32,1762.5,1
2021-10-03 22:02:35,1762.5,1
2021-10-03 22:02:43,1762.5,2
2021-10-03 22:02:43,1762.6,1
2021-10-03 22:02:53,1762.5,3
2021-10-03 22:02:58,1762.5,1
2021-10-03 22:03:01,1762.5,4
2021-10-03 22:03:03,1762.5,1
2021-10-03 22:03:09,1762.4,2
2021-10-03 22:03:10,1762.4,1
2021-10-03 22:03:11,1762.4,1
2021-10-03 22:03:20,1762.4,1
2021-10-03 22:03:21,1762.4,3
2021-10-03 22:03:24,1762.4,1
2021-10-03 22:03:27,1762.5,3
2021-10-03 22:03:30,1762.5,2
2021-10-03 22:03:41,1762.6,1
2021-10-03 22:03:42,1762.6,1
2021-10-03 22:03:51,1762.6,9
2021-10-03 22:03:52,1762.6,1
2021-10-03 22:03:56,1762.5,6
2021-10-03 22:04:00,1762.5,1
2021-10-03 22:04:01,1762.5,1
2021-10-03 22:04:06,1762.5,1
2021-10-03 22:04:11,1762.5,1
2021-10-03 22:04:11,1762.6,1
2021-10-03 22:04:20,1762.4,1
2021-10-03 22:04:22,1762.5,34
2021-10-03 22:04:24,1762.5,2
2021-10-03 22:04:31,1762.5,1
2021-10-03 22:04:33,1762.4,9
2021-10-03 22:04:33,1762.3,26
2021-10-03 22:04:46,1762.2,2
2021-10-03 22:04:46,1762.3,1
2021-10-03 22:04:54,1762.2,5
2021-10-03 22:05:01,1762.2,2
2021-10-03 22:05:03,1762.3,1
2021-10-03 22:05:11,1762.3,1
2021-10-03 22:05:18,1762.2,57
2021-10-03 22:05:19,1762.2,2
2021-10-03 22:05:25,1762.1,7
2021-10-03 22:05:27,1762.1,1
2021-10-03 22:05:28,1762.1,2
2021-10-03 22:05:31,1762.1,8
2021-10-03 22:05:32,1762.2,14
2021-10-03 22:05:32,1762.1,6
2021-10-03 22:05:36,1762.1,8
2021-10-03 22:05:41,1762.2,8
2021-10-03 22:05:41,1762.1,4
2021-10-03 22:05:41,1762.2,3
2021-10-03 22:05:42,1762.2,1
2021-10-03 22:05:44,1762.2,1
2021-10-03 22:05:45,1762.2,1
2021-10-03 22:05:45,1762.1,2
2021-10-03 22:05:47,1762.1,1
2021-10-03 22:05:53,1762.1,2
2021-10-03 22:05:56,1762.0,128
2021-10-03 22:05:56,1761.9,6
2021-10-03 22:05:56,1762.0,6
2021-10-03 22:05:56,1761.9,1
2021-10-03 22:05:56,1762.0,12
2021-10-03 22:05:56,1762.1,3
2021-10-03 22:05:56,1762.0,2
2021-10-03 22:05:56,1761.9,8
2021-10-03 22:05:56,1762.0,5
2021-10-03 22:05:57,1762.0,1
2021-10-03 22:05:58,1762.0,4
2021-10-03 22:05:59,1761.9,2
2021-10-03 22:06:00,1762.0,4
2021-10-03 22:06:01,1762.1,3
2021-10-03 22:06:02,1762.0,6
2021-10-03 22:06:03,1762.1,4
2021-10-03 22:06:03,1762.2,4
2021-10-03 22:06:05,1762.1,2
2021-10-03 22:06:05,1762.0,1
2021-10-03 22:06:11,1762.0,1
2021-10-03 22:06:17,1762.1,1
2021-10-03 22:06:26,1762.1,2
2021-10-03 22:06:27,1762.1,2
2021-10-03 22:06:30,1762.0,2
2021-10-03 22:06:41,1761.9,5
2021-10-03 22:06:45,1762.0,1
2021-10-03 22:06:50,1761.9,7
2021-10-03 22:06:52,1761.8,5
2021-10-03 22:06:52,1761.7,1
2021-10-03 22:06:52,1761.8,2
2021-10-03 22:06:53,1761.8,1
2021-10-03 22:06:54,1761.8,1
2021-10-03 22:06:58,1761.8,2
2021-10-03 22:07:03,1761.8,1
2021-10-03 22:07:10,1761.8,1
2021-10-03 22:07:12,1761.7,1
2021-10-03 22:07:14,1761.7,1
2021-10-03 22:07:17,1761.7,4
2021-10-03 22:07:23,1761.7,2
2021-10-03 22:07:24,1761.8,6
2021-10-03 22:07:24,1761.7,2
2021-10-03 22:07:25,1761.7,2
2021-10-03 22:07:26,1761.8,2
2021-10-03 22:07:30,1761.9,2
2021-10-03 22:07:30,1762.0,26
2021-10-03 22:07:30,1762.1,5
2021-10-03 22:07:30,1762.0,2
2021-10-03 22:07:31,1762.0,1
2021-10-03 22:07:33,1762.0,4
2021-10-03 22:07:33,1761.9,1
2021-10-03 22:07:35,1762.0,3
2021-10-03 22:07:40,1762.1,5
2021-10-03 22:07:52,1762.0,2
2021-10-03 22:07:57,1762.0,1
2021-10-03 22:08:07,1762.0,6
2021-10-03 22:08:11,1762.1,3
2021-10-03 22:08:12,1762.0,1
2021-10-03 22:08:13,1762.0,1
2021-10-03 22:08:20,1762.0,1
2021-10-03 22:08:22,1761.9,1
2021-10-03 22:08:24,1761.9,3
2021-10-03 22:08:25,1761.9,1
2021-10-03 22:08:26,1761.9,1
2021-10-03 22:08:27,1762.0,1
2021-10-03 22:08:27,1761.9,1
2021-10-03 22:08:28,1761.9,1
2021-10-03 22:08:30,1761.9,1
2021-10-03 22:08:32,1761.8,1
2021-10-03 22:08:33,1761.9,2
2021-10-03 22:08:33,1762.0,3
2021-10-03 22:08:36,1762.0,1
2021-10-03 22:08:38,1762.0,1
2021-10-03 22:08:38,1762.1,2
2021-10-03 22:08:39,1762.1,1
2021-10-03 22:08:41,1762.1,1
2021-10-03 22:08:42,1762.0,1
2021-10-03 22:08:44,1762.0,1
2021-10-03 22:08:46,1762.0,2
2021-10-03 22:08:48,1761.9,1
2021-10-03 22:08:49,1761.9,1
2021-10-03 22:08:50,1761.9,2
2021-10-03 22:08:51,1761.9,1
2021-10-03 22:08:55,1761.9,1
2021-10-03 22:08:55,1762.0,1
2021-10-03 22:08:56,1762.0,1
2021-10-03 22:08:57,1762.1,3
2021-10-03 22:08:57,1762.2,1
2021-10-03 22:08:59,1762.1,3
2021-10-03 22:09:00,1762.0,2
2021-10-03 22:09:03,1762.1,3
2021-10-03 22:09:13,1762.1,1
2021-10-03 22:09:16,1762.1,1
2021-10-03 22:09:17,1762.1,1
2021-10-03 22:09:25,1762.1,1
2021-10-03 22:09:25,1762.0,8
2021-10-03 22:09:25,1761.9,4
2021-10-03 22:09:29,1761.9,1
2021-10-03 22:09:31,1762.0,1
2021-10-03 22:09:46,1762.1,4
2021-10-03 22:09:52,1762.2,1
2021-10-03 22:09:57,1762.2,2
2021-10-03 22:10:20,1762.2,15
2021-10-03 22:10:21,1762.1,1
2021-10-03 22:10:21,1762.2,4
2021-10-03 22:10:31,1762.3,1
2021-10-03 22:10:33,1762.3,1
2021-10-03 22:10:37,1762.3,1
2021-10-03 22:10:41,1762.3,1
2021-10-03 22:11:00,1762.3,2
2021-10-03 22:11:06,1762.3,1
2021-10-03 22:11:14,1762.4,4
2021-10-03 22:11:17,1762.3,1
2021-10-03 22:11:19,1762.3,11
2021-10-03 22:11:20,1762.3,1
2021-10-03 22:11:24,1762.3,8
2021-10-03 22:11:28,1762.3,5
2021-10-03 22:11:32,1762.3,2
2021-10-03 22:11:33,1762.3,1
2021-10-03 22:11:33,1762.4,1
2021-10-03 22:11:33,1762.3,2
2021-10-03 22:11:34,1762.3,1
2021-10-03 22:11:35,1762.3,1
2021-10-03 22:11:36,1762.3,3
2021-10-03 22:11:37,1762.3,1
2021-10-03 22:11:38,1762.3,1
2021-10-03 22:11:45,1762.4,4
2021-10-03 22:11:47,1762.3,9
2021-10-03 22:11:52,1762.3,6
2021-10-03 22:11:53,1762.3,1
2021-10-03 22:12:03,1762.4,1
2021-10-03 22:12:06,1762.4,1
2021-10-03 22:12:14,1762.4,1
2021-10-03 22:12:14,1762.3,1
2021-10-03 22:12:21,1762.3,2
2021-10-03 22:12:47,1762.3,2
2021-10-03 22:12:51,1762.3,1
2021-10-03 22:12:54,1762.3,1
2021-10-03 22:12:54,1762.2,6
2021-10-03 22:13:12,1762.2,1
2021-10-03 22:13:13,1762.2,1
2021-10-03 22:13:16,1762.2,1
2021-10-03 22:13:20,1762.3,1
2021-10-03 22:13:30,1762.2,4
2021-10-03 22:13:34,1762.1,5
2021-10-03 22:13:36,1762.1,1
2021-10-03 22:13:38,1762.0,1
2021-10-03 22:13:38,1762.1,1
2021-10-03 22:13:39,1762.0,1
2021-10-03 22:13:39,1761.9,2
2021-10-03 22:13:40,1761.9,1
2021-10-03 22:13:41,1761.9,2
2021-10-03 22:13:42,1761.9,1
2021-10-03 22:13:43,1761.9,2
2021-10-03 22:13:46,1761.8,14
2021-10-03 22:13:46,1761.9,11
2021-10-03 22:13:49,1761.9,5
2021-10-03 22:13:56,1761.8,2
2021-10-03 22:13:59,1761.8,5
2021-10-03 22:14:00,1761.8,2
2021-10-03 22:14:01,1761.7,1
2021-10-03 22:14:02,1761.9,17
2021-10-03 22:14:04,1761.9,4
2021-10-03 22:14:05,1761.9,1
2021-10-03 22:14:09,1761.8,2
2021-10-03 22:14:25,1761.8,5
2021-10-03 22:14:27,1761.8,1
2021-10-03 22:14:37,1761.8,7
2021-10-03 22:14:43,1761.8,1
2021-10-03 22:14:45,1761.7,1
2021-10-03 22:14:51,1761.7,6
2021-10-03 22:14:53,1761.7,2
2021-10-03 22:14:57,1761.8,2
2021-10-03 22:15:00,1761.8,6
2021-10-03 22:15:00,1761.9,11
2021-10-03 22:15:01,1761.8,1
2021-10-03 22:15:03,1761.8,4
2021-10-03 22:15:05,1761.8,1
