Date,Last,Volume
2021-10-03 18:00:00,75.88,1
2021-10-03 18:00:00,75.95,1
2021-10-03 18:00:01,75.89,1
2021-10-03 18:00:01,75.92,3
2021-10-03 18:00:01,75.95,2
2021-10-03 18:00:01,75.96,1
2021-10-03 18:00:01,75.97,25
2021-10-03 18:00:02,75.97,2
2021-10-03 18:00:02,75.98,1
2021-10-03 18:00:03,76.0,1
2021-10-03 18:00:03,76.01,3
2021-10-03 18:00:03,76.02,2
2021-10-03 18:00:03,76.03,1
2021-10-03 18:00:03,76.04,1
2021-10-03 18:00:04,76.05,2
2021-10-03 18:00:06,76.03,1
2021-10-03 18:00:06,76.04,1
2021-10-03 18:00:07,76.05,4
2021-10-03 18:00:08,76.04,1
2021-10-03 18:00:08,76.06,1
2021-10-03 18:00:08,76.07,4
2021-10-03 18:00:08,76.08,3
2021-10-03 18:00:08,76.09,2
2021-10-03 18:00:08,76.1,2
2021-10-03 18:00:08,76.11,2
2021-10-03 18:00:08,76.12,1
2021-10-03 18:00:08,76.13,2
2021-10-03 18:00:08,76.14,3
2021-10-03 18:00:08,76.1,2
2021-10-03 18:00:08,76.15,1
2021-10-03 18:00:08,76.16,1
2021-10-03 18:00:08,76.17,1
2021-10-03 18:00:08,76.18,1
2021-10-03 18:00:08,76.19,1
2021-10-03 18:00:08,76.18,1
2021-10-03 18:00:08,76.11,2
2021-10-03 18:00:08,76.1,8
2021-10-03 18:00:08,76.13,2
2021-10-03 18:00:08,76.12,1
2021-10-03 18:00:08,76.11,7
2021-10-03 18:00:08,76.16,1
2021-10-03 18:00:08,76.15,2
2021-10-03 18:00:08,76.11,1
2021-10-03 18:00:08,76.12,2
2021-10-03 18:00:08,76.1,1
2021-10-03 18:00:08,76.08,1
2021-10-03 18:00:08,76.07,1
2021-10-03 18:00:08,76.06,2
2021-10-03 18:00:08,76.05,6
2021-10-03 18:00:09,76.1,1
2021-10-03 18:00:10,76.16,1
2021-10-03 18:00:10,76.14,1
2021-10-03 18:00:10,76.13,1
2021-10-03 18:00:12,76.1,8
2021-10-03 18:00:12,76.08,1
2021-10-03 18:00:14,76.03,1
2021-10-03 18:00:15,76.0,2
2021-10-03 18:00:15,75.99,1
2021-10-03 18:00:15,75.98,2
2021-10-03 18:00:15,75.97,2
2021-10-03 18:00:15,75.96,2
2021-10-03 18:00:15,75.95,3
2021-10-03 18:00:15,75.94,2
2021-10-03 18:00:15,75.95,1
2021-10-03 18:00:15,75.91,1
2021-10-03 18:00:15,75.9,2
2021-10-03 18:00:15,75.89,1
2021-10-03 18:00:16,76.0,2
2021-10-03 18:00:18,75.99,1
2021-10-03 18:00:18,76.0,2
2021-10-03 18:00:18,76.01,1
2021-10-03 18:00:23,75.99,1
2021-10-03 18:00:28,75.98,6
2021-10-03 18:00:28,75.99,1
2021-10-03 18:00:28,76.0,2
2021-10-03 18:00:28,76.01,1
2021-10-03 18:00:30,75.99,1
2021-10-03 18:00:32,76.01,2
2021-10-03 18:00:35,76.0,1
2021-10-03 18:00:37,76.02,1
2021-10-03 18:00:44,76.07,3
2021-10-03 18:00:48,76.04,1
2021-10-03 18:00:48,76.03,1
2021-10-03 18:00:51,76.05,3
2021-10-03 18:00:53,76.04,1
2021-10-03 18:00:58,76.06,1
2021-10-03 18:01:00,76.05,1
2021-10-03 18:01:00,76.07,3
2021-10-03 18:01:00,76.05,2
2021-10-03 18:01:20,76.1,2
2021-10-03 18:01:22,76.1,10
2021-10-03 18:01:22,76.12,1
2021-10-03 18:01:25,76.11,1
2021-10-03 18:01:28,76.1,1
2021-10-03 18:01:28,76.11,1
2021-10-03 18:01:33,76.1,1
2021-10-03 18:01:43,76.13,3
2021-10-03 18:01:43,76.14,5
2021-10-03 18:01:48,76.13,2
2021-10-03 18:01:50,76.12,6
2021-10-03 18:01:50,76.11,2
2021-10-03 18:01:50,76.1,2
2021-10-03 18:01:55,76.11,1
2021-10-03 18:01:56,76.12,1
2021-10-03 18:01:57,76.13,1
2021-10-03 18:01:57,76.14,3
2021-10-03 18:01:58,76.13,1
2021-10-03 18:01:59,76.12,5
2021-10-03 18:01:59,76.11,3
2021-10-03 18:01:59,76.1,2
2021-10-03 18:02:05,76.11,1
2021-10-03 18:02:14,76.11,1
2021-10-03 18:02:22,76.1,5
2021-10-03 18:02:22,76.09,3
2021-10-03 18:02:22,76.08,2
2021-10-03 18:02:22,76.1,3
2021-10-03 18:02:35,76.09,1
2021-10-03 18:02:35,76.1,1
2021-10-03 18:02:42,76.09,1
2021-10-03 18:02:45,76.1,4
2021-10-03 18:02:48,76.09,2
2021-10-03 18:02:51,76.09,1
2021-10-03 18:03:00,76.12,1
2021-10-03 18:03:04,76.11,1
2021-10-03 18:03:08,76.1,1
2021-10-03 18:03:10,76.09,1
2021-10-03 18:03:11,76.08,3
2021-10-03 18:03:16,76.07,1
2021-10-03 18:03:17,76.07,3
2021-10-03 18:03:24,76.08,2
2021-10-03 18:03:25,76.06,2
2021-10-03 18:03:27,76.04,2
2021-10-03 18:03:30,76.03,1
2021-10-03 18:03:31,76.03,1
2021-10-03 18:03:34,76.01,2
2021-10-03 18:03:34,76.0,1
2021-10-03 18:03:36,76.0,1
2021-10-03 18:03:40,76.0,1
2021-10-03 18:03:46,76.0,1
2021-10-03 18:03:46,76.01,1
2021-10-03 18:03:52,76.03,1
2021-10-03 18:03:56,76.02,1
2021-10-03 18:03:59,76.01,1
2021-10-03 18:04:02,76.01,1
2021-10-03 18:04:02,76.02,4
2021-10-03 18:04:02,76.03,3
2021-10-03 18:04:02,76.04,2
2021-10-03 18:04:03,76.03,1
2021-10-03 18:04:05,76.02,1
2021-10-03 18:04:05,76.01,6
2021-10-03 18:04:05,76.0,4
2021-10-03 18:04:12,75.98,1
2021-10-03 18:04:12,75.97,1
2021-10-03 18:04:15,75.96,1
2021-10-03 18:04:16,75.95,1
2021-10-03 18:04:16,75.94,6
2021-10-03 18:04:34,75.95,1
2021-10-03 18:04:46,75.95,1
2021-10-03 18:04:46,75.96,1
2021-10-03 18:05:00,75.94,1
2021-10-03 18:05:00,75.93,1
2021-10-03 18:05:00,75.9,12
2021-10-03 18:05:02,75.96,1
2021-10-03 18:05:05,75.93,1
2021-10-03 18:05:10,75.93,1
2021-10-03 18:05:11,75.92,1
2021-10-03 18:05:20,75.92,2
2021-10-03 18:05:33,75.96,1
2021-10-03 18:05:33,75.97,4
2021-10-03 18:05:33,75.98,4
2021-10-03 18:05:33,75.99,1
2021-10-03 18:05:34,76.01,2
2021-10-03 18:05:43,76.03,1
2021-10-03 18:05:46,76.02,1
2021-10-03 18:05:53,76.03,1
2021-10-03 18:05:56,76.02,1
2021-10-03 18:06:02,76.03,2
2021-10-03 18:06:10,76.02,1
2021-10-03 18:06:15,76.01,1
2021-10-03 18:06:29,76.02,1
2021-10-03 18:06:40,76.03,2
2021-10-03 18:06:54,76.03,1
2021-10-03 18:06:57,76.02,5
2021-10-03 18:06:57,76.01,3
2021-10-03 18:06:57,76.0,2
2021-10-03 18:07:06,75.98,2
2021-10-03 18:07:16,76.0,1
2021-10-03 18:07:22,75.99,1
2021-10-03 18:07:27,75.99,2
2021-10-03 18:07:52,75.99,3
2021-10-03 18:07:52,76.01,4
2021-10-03 18:07:52,76.02,2
2021-10-03 18:07:52,76.03,1
2021-10-03 18:07:53,76.01,1
2021-10-03 18:08:27,76.02,3
2021-10-03 18:08:30,76.02,1
2021-10-03 18:09:08,76.02,1
2021-10-03 18:09:23,76.02,1
2021-10-03 18:10:01,75.96,3
2021-10-03 18:10:02,75.98,1
2021-10-03 18:10:34,76.01,1
2021-10-03 18:11:03,75.98,1
2021-10-03 18:11:18,76.0,2
2021-10-03 18:11:21,75.98,1
2021-10-03 18:11:39,76.01,1
2021-10-03 18:11:41,76.0,1
2021-10-03 18:12:01,75.98,1
2021-10-03 18:12:03,75.99,1
2021-10-03 18:12:06,75.96,1
2021-10-03 18:12:07,75.95,1
2021-10-03 18:12:16,75.95,1
2021-10-03 18:12:18,75.94,1
2021-10-03 18:12:19,75.95,1
2021-10-03 18:12:20,75.95,4
2021-10-03 18:12:43,75.94,1
2021-10-03 18:13:00,75.96,8
2021-10-03 18:13:00,75.95,1
2021-10-03 18:13:00,75.94,1
2021-10-03 18:13:54,75.97,2
2021-10-03 18:14:05,75.95,3
2021-10-03 18:14:05,75.96,1
2021-10-03 18:14:08,75.94,12
2021-10-03 18:14:14,75.95,5
2021-10-03 18:15:00,75.92,1
2021-10-03 18:15:00,75.91,2
2021-10-03 18:15:19,75.91,2
2021-10-03 18:15:37,75.91,1
2021-10-03 18:15:40,75.91,1
2021-10-03 18:17:24,75.91,2
2021-10-03 18:17:30,75.91,1
2021-10-03 18:17:54,75.92,2
2021-10-03 18:18:14,75.93,1
2021-10-03 18:18:21,75.93,1
2021-10-03 18:18:21,75.92,1
2021-10-03 18:18:40,75.93,1
2021-10-03 18:19:06,75.93,2
2021-10-03 18:20:00,75.93,2
2021-10-03 18:20:00,75.92,3
2021-10-03 18:20:00,75.91,2
2021-10-03 18:20:00,75.9,3
2021-10-03 18:20:00,75.91,1
2021-10-03 18:20:00,75.92,2
2021-10-03 18:20:15,75.92,2
2021-10-03 18:20:35,75.93,4
2021-10-03 18:20:49,75.93,1
2021-10-03 18:20:56,75.93,1
2021-10-03 18:21:18,75.93,1
2021-10-03 18:21:35,75.93,1
2021-10-03 18:21:42,75.94,1
2021-10-03 18:21:46,75.94,2
2021-10-03 18:21:46,75.93,3
2021-10-03 18:21:57,75.96,1
2021-10-03 18:22:00,75.95,6
2021-10-03 18:22:02,75.95,2
2021-10-03 18:22:07,75.94,1
2021-10-03 18:22:10,75.93,1
2021-10-03 18:22:56,75.94,1
2021-10-03 18:23:32,75.97,2
2021-10-03 18:23:34,75.95,4
2021-10-03 18:23:35,75.95,1
2021-10-03 18:23:36,75.95,1
2021-10-03 18:23:37,75.95,1
2021-10-03 18:23:39,75.95,2
2021-10-03 18:24:17,75.95,6
2021-10-03 18:25:30,75.97,1
2021-10-03 18:25:36,75.96,1
2021-10-03 18:25:56,75.96,1
2021-10-03 18:26:03,75.97,1
2021-10-03 18:26:18,75.97,1
2021-10-03 18:26:34,75.98,2
2021-10-03 18:27:26,75.99,1
2021-10-03 18:27:26,75.98,1
2021-10-03 18:27:40,76.0,1
2021-10-03 18:28:41,76.0,1
2021-10-03 18:28:53,76.0,1
2021-10-03 18:29:25,76.0,3
2021-10-03 18:29:30,76.0,3
2021-10-03 18:30:29,76.01,2
2021-10-03 18:30:37,76.0,1
2021-10-03 18:30:41,76.0,1
2021-10-03 18:30:42,76.0,1
2021-10-03 18:30:48,76.0,6
2021-10-03 18:30:56,76.02,1
2021-10-03 18:31:00,76.03,4
2021-10-03 18:31:28,76.03,1
2021-10-03 18:33:18,76.02,3
2021-10-03 18:33:39,76.02,4
2021-10-03 18:34:03,76.02,3
2021-10-03 18:35:08,76.03,1
2021-10-03 18:36:15,76.02,1
2021-10-03 18:36:21,76.02,2
2021-10-03 18:36:26,76.02,1
2021-10-03 18:36:59,76.03,1
2021-10-03 18:37:16,76.02,1
2021-10-03 18:38:39,76.02,1
2021-10-03 18:40:01,76.01,2
2021-10-03 18:40:32,76.0,1
2021-10-03 18:41:10,75.98,2
2021-10-03 18:41:27,75.98,1
2021-10-03 18:41:46,75.99,1
2021-10-03 18:42:05,75.99,2
2021-10-03 18:42:14,75.99,2
2021-10-03 18:42:26,75.98,1
2021-10-03 18:42:26,75.97,1
2021-10-03 18:42:42,75.98,1
2021-10-03 18:44:36,75.99,1
2021-10-03 18:45:02,76.0,2
2021-10-03 18:46:36,75.98,5
2021-10-03 18:46:36,75.97,4
2021-10-03 18:46:36,75.96,1
2021-10-03 18:46:50,75.99,1
2021-10-03 18:46:50,75.98,1
2021-10-03 18:46:54,75.98,3
2021-10-03 18:47:01,76.0,1
2021-10-03 18:47:08,75.98,1
2021-10-03 18:47:36,76.0,1
2021-10-03 18:47:40,76.0,2
2021-10-03 18:48:04,75.99,2
2021-10-03 18:48:51,75.97,1
2021-10-03 18:49:25,75.98,1
2021-10-03 18:49:26,75.98,3
2021-10-03 18:49:31,75.98,1
2021-10-03 18:50:45,75.98,1
2021-10-03 18:50:57,75.98,1
2021-10-03 18:52:13,75.99,4
2021-10-03 18:52:13,76.0,6
2021-10-03 18:53:02,76.0,1
2021-10-03 18:53:25,76.0,3
2021-10-03 18:53:54,76.01,2
2021-10-03 18:53:58,76.01,2
2021-10-03 18:54:10,76.01,2
2021-10-03 18:54:15,76.01,1
2021-10-03 18:54:29,76.0,1
2021-10-03 18:54:52,75.97,2
2021-10-03 18:54:53,75.96,1
2021-10-03 18:54:57,75.97,2
2021-10-03 18:55:05,75.96,1
2021-10-03 18:55:05,75.95,1
2021-10-03 18:55:15,75.93,2
2021-10-03 18:55:15,75.92,1
2021-10-03 18:55:33,75.94,1
2021-10-03 18:55:46,75.91,4
2021-10-03 18:55:46,75.9,7
2021-10-03 18:55:46,75.89,1
2021-10-03 18:56:15,75.89,1
2021-10-03 18:56:29,75.9,1
2021-10-03 18:56:59,75.91,1
2021-10-03 18:57:04,75.91,1
2021-10-03 18:57:39,75.9,2
2021-10-03 18:57:46,75.89,2
2021-10-03 18:57:46,75.88,4
2021-10-03 18:57:46,75.87,5
2021-10-03 18:57:47,75.86,5
2021-10-03 18:57:47,75.85,5
2021-10-03 18:57:47,75.86,7
2021-10-03 18:57:47,75.85,2
2021-10-03 18:57:48,75.86,1
2021-10-03 18:57:54,75.87,1
2021-10-03 18:57:54,75.88,3
2021-10-03 18:58:16,75.88,1
2021-10-03 18:58:26,75.87,3
2021-10-03 18:58:26,75.88,1
2021-10-03 18:58:28,75.87,4
2021-10-03 18:58:34,75.87,6
2021-10-03 18:58:34,75.88,2
2021-10-03 18:58:34,75.89,2
2021-10-03 18:58:34,75.87,2
2021-10-03 18:58:35,75.86,2
2021-10-03 18:58:39,75.87,2
2021-10-03 18:58:41,75.87,1
2021-10-03 18:58:53,75.86,1
2021-10-03 18:58:53,75.85,2
2021-10-03 18:59:01,75.86,1
2021-10-03 18:59:03,75.86,1
2021-10-03 18:59:22,75.86,4
2021-10-03 18:59:48,75.86,1
2021-10-03 18:59:49,75.87,1
2021-10-03 19:00:02,75.87,1
2021-10-03 19:00:02,75.88,3
2021-10-03 19:00:02,75.87,3
2021-10-03 19:00:02,75.86,1
2021-10-03 19:00:14,75.87,1
2021-10-03 19:00:19,75.87,1
2021-10-03 19:00:28,75.86,2
2021-10-03 19:00:36,75.86,8
2021-10-03 19:00:44,75.84,2
2021-10-03 19:00:44,75.81,2
2021-10-03 19:00:45,75.81,1
2021-10-03 19:00:45,75.82,1
2021-10-03 19:00:51,75.82,3
2021-10-03 19:00:58,75.83,1
2021-10-03 19:01:02,75.85,2
2021-10-03 19:01:08,75.85,1
2021-10-03 19:01:30,75.85,1
2021-10-03 19:02:00,75.83,3
2021-10-03 19:02:19,75.84,1
2021-10-03 19:02:32,75.84,1
2021-10-03 19:03:33,75.82,2
2021-10-03 19:03:44,75.82,3
2021-10-03 19:03:58,75.83,1
2021-10-03 19:03:58,75.84,2
2021-10-03 19:04:00,75.83,1
2021-10-03 19:04:00,75.81,1
2021-10-03 19:04:06,75.8,3
2021-10-03 19:04:06,75.81,1
2021-10-03 19:04:09,75.81,4
2021-10-03 19:04:52,75.81,1
2021-10-03 19:04:58,75.81,3
2021-10-03 19:05:03,75.82,1
2021-10-03 19:05:21,75.82,1
2021-10-03 19:06:20,75.83,1
2021-10-03 19:06:23,75.85,1
2021-10-03 19:06:27,75.82,1
2021-10-03 19:06:35,75.83,2
2021-10-03 19:06:40,75.85,1
2021-10-03 19:07:20,75.83,1
2021-10-03 19:07:34,75.83,1
2021-10-03 19:08:28,75.85,2
2021-10-03 19:08:28,75.86,2
2021-10-03 19:08:34,75.86,3
2021-10-03 19:08:38,75.86,2
2021-10-03 19:08:52,75.84,1
2021-10-03 19:09:23,75.87,1
2021-10-03 19:10:41,75.88,1
2021-10-03 19:10:41,75.87,1
2021-10-03 19:10:52,75.87,2
2021-10-03 19:10:53,75.87,1
2021-10-03 19:12:24,75.87,2
2021-10-03 19:12:38,75.87,1
2021-10-03 19:13:30,75.87,1
2021-10-03 19:14:43,75.85,1
2021-10-03 19:15:00,75.86,1
2021-10-03 19:15:04,75.85,1
2021-10-03 19:15:17,75.84,2
2021-10-03 19:15:44,75.83,1
2021-10-03 19:16:21,75.83,1
2021-10-03 19:16:29,75.84,1
2021-10-03 19:17:19,75.83,1
2021-10-03 19:17:34,75.83,1
2021-10-03 19:18:01,75.83,4
2021-10-03 19:18:01,75.84,6
2021-10-03 19:18:38,75.84,1
2021-10-03 19:20:07,75.82,1
2021-10-03 19:21:39,75.8,2
2021-10-03 19:21:39,75.79,2
2021-10-03 19:21:39,75.78,4
2021-10-03 19:21:50,75.78,4
2021-10-03 19:22:06,75.78,1
2021-10-03 19:22:15,75.8,1
2021-10-03 19:22:39,75.8,1
2021-10-03 19:22:44,75.8,1
2021-10-03 19:23:06,75.8,1
2021-10-03 19:23:48,75.79,2
2021-10-03 19:23:50,75.78,1
2021-10-03 19:23:50,75.77,4
2021-10-03 19:24:02,75.76,1
2021-10-03 19:24:07,75.77,2
2021-10-03 19:24:31,75.77,1
2021-10-03 19:24:57,75.77,1
2021-10-03 19:25:49,75.77,1
2021-10-03 19:25:56,75.77,2
2021-10-03 19:26:04,75.77,1
2021-10-03 19:26:08,75.76,4
2021-10-03 19:26:08,75.75,1
2021-10-03 19:26:08,75.74,2
2021-10-03 19:26:38,75.74,2
2021-10-03 19:26:42,75.74,1
2021-10-03 19:26:45,75.74,2
2021-10-03 19:26:58,75.74,1
2021-10-03 19:27:12,75.74,1
2021-10-03 19:27:17,75.74,1
2021-10-03 19:27:26,75.74,1
2021-10-03 19:27:42,75.76,2
2021-10-03 19:27:42,75.74,1
2021-10-03 19:27:47,75.74,1
2021-10-03 19:27:51,75.74,1
2021-10-03 19:28:53,75.77,1
2021-10-03 19:29:04,75.77,2
2021-10-03 19:29:27,75.78,1
2021-10-03 19:30:00,75.8,3
2021-10-03 19:30:05,75.81,1
2021-10-03 19:30:07,75.81,1
2021-10-03 19:30:18,75.81,2
2021-10-03 19:30:18,75.82,4
2021-10-03 19:30:44,75.81,1
2021-10-03 19:30:48,75.8,1
2021-10-03 19:31:06,75.8,1
2021-10-03 19:31:14,75.79,1
2021-10-03 19:31:26,75.81,1
2021-10-03 19:32:00,75.8,1
2021-10-03 19:33:37,75.8,1
2021-10-03 19:33:55,75.8,3
2021-10-03 19:35:04,75.81,1
2021-10-03 19:35:04,75.83,3
2021-10-03 19:35:27,75.84,1
2021-10-03 19:35:35,75.83,1
2021-10-03 19:36:14,75.83,1
2021-10-03 19:36:26,75.83,4
2021-10-03 19:36:35,75.83,1
2021-10-03 19:36:41,75.83,1
2021-10-03 19:37:12,75.84,1
2021-10-03 19:37:30,75.84,1
2021-10-03 19:37:39,75.84,1
2021-10-03 19:37:59,75.83,1
2021-10-03 19:38:07,75.82,1
2021-10-03 19:39:31,75.83,1
2021-10-03 19:39:57,75.83,1
2021-10-03 19:39:57,75.82,2
2021-10-03 19:41:30,75.82,1
2021-10-03 19:42:08,75.81,5
2021-10-03 19:42:08,75.8,1
2021-10-03 19:42:57,75.81,1
2021-10-03 19:43:34,75.82,1
2021-10-03 19:44:03,75.81,2
2021-10-03 19:45:59,75.81,10
2021-10-03 19:47:55,75.8,1
2021-10-03 19:49:02,75.78,1
2021-10-03 19:49:25,75.78,1
2021-10-03 19:49:58,75.77,5
2021-10-03 19:50:30,75.78,5
2021-10-03 19:50:30,75.79,7
2021-10-03 19:51:24,75.77,1
2021-10-03 19:52:00,75.78,2
2021-10-03 19:53:49,75.78,1
2021-10-03 19:54:31,75.79,1
2021-10-03 19:55:29,75.8,9
2021-10-03 19:55:29,75.81,4
2021-10-03 19:55:29,75.82,8
2021-10-03 19:55:58,75.84,1
2021-10-03 19:56:11,75.83,4
2021-10-03 19:57:07,75.84,1
2021-10-03 19:57:20,75.85,1
2021-10-03 19:57:49,75.84,2
2021-10-03 19:57:51,75.85,2
2021-10-03 19:59:00,75.84,1
2021-10-03 19:59:00,75.83,1
2021-10-03 20:00:00,75.84,1
2021-10-03 20:00:00,75.86,1
2021-10-03 20:00:08,75.86,1
2021-10-03 20:00:13,75.87,6
2021-10-03 20:00:13,75.88,4
2021-10-03 20:00:26,75.87,1
2021-10-03 20:00:33,75.86,2
2021-10-03 20:00:49,75.87,1
2021-10-03 20:01:24,75.81,3
2021-10-03 20:01:24,75.8,1
2021-10-03 20:01:25,75.81,1
2021-10-03 20:01:59,75.8,2
2021-10-03 20:02:06,75.8,1
2021-10-03 20:02:12,75.8,1
2021-10-03 20:02:17,75.8,1
2021-10-03 20:02:36,75.8,2
2021-10-03 20:02:52,75.8,1
2021-10-03 20:02:59,75.8,1
2021-10-03 20:03:28,75.79,1
2021-10-03 20:04:10,75.78,3
2021-10-03 20:04:10,75.77,2
2021-10-03 20:04:10,75.76,8
2021-10-03 20:04:10,75.75,5
2021-10-03 20:04:10,75.74,9
2021-10-03 20:04:10,75.73,3
2021-10-03 20:04:10,75.72,1
2021-10-03 20:04:10,75.71,4
2021-10-03 20:04:10,75.7,10
2021-10-03 20:04:10,75.71,1
2021-10-03 20:04:11,75.71,3
2021-10-03 20:04:23,75.7,1
2021-10-03 20:04:24,75.7,2
2021-10-03 20:04:38,75.7,2
2021-10-03 20:04:43,75.71,1
2021-10-03 20:04:46,75.72,2
2021-10-03 20:04:55,75.7,2
2021-10-03 20:04:57,75.69,1
2021-10-03 20:04:58,75.69,1
2021-10-03 20:05:00,75.69,1
2021-10-03 20:05:01,75.68,11
2021-10-03 20:05:01,75.67,10
2021-10-03 20:05:03,75.67,5
2021-10-03 20:05:19,75.69,2
2021-10-03 20:05:21,75.69,1
2021-10-03 20:05:22,75.7,3
2021-10-03 20:05:22,75.69,7
2021-10-03 20:05:22,75.7,3
2021-10-03 20:05:22,75.71,7
2021-10-03 20:05:35,75.72,1
2021-10-03 20:05:35,75.71,1
2021-10-03 20:05:41,75.72,1
2021-10-03 20:05:59,75.74,1
2021-10-03 20:07:05,75.7,1
2021-10-03 20:07:06,75.7,3
2021-10-03 20:07:28,75.69,1
2021-10-03 20:07:39,75.68,1
2021-10-03 20:07:54,75.69,4
2021-10-03 20:07:58,75.69,1
2021-10-03 20:08:00,75.7,7
2021-10-03 20:08:07,75.7,1
2021-10-03 20:08:41,75.71,1
2021-10-03 20:08:41,75.72,1
2021-10-03 20:08:44,75.7,1
2021-10-03 20:09:40,75.68,9
2021-10-03 20:10:00,75.67,1
2021-10-03 20:10:01,75.67,1
2021-10-03 20:10:05,75.67,1
2021-10-03 20:10:11,75.68,1
2021-10-03 20:10:19,75.68,1
2021-10-03 20:10:23,75.68,1
2021-10-03 20:10:24,75.69,2
2021-10-03 20:10:24,75.7,2
2021-10-03 20:10:41,75.69,2
2021-10-03 20:10:52,75.68,1
2021-10-03 20:11:02,75.66,10
2021-10-03 20:11:02,75.65,2
2021-10-03 20:11:02,75.66,1
2021-10-03 20:11:02,75.65,2
2021-10-03 20:11:02,75.67,4
2021-10-03 20:11:05,75.65,1
2021-10-03 20:11:07,75.65,2
2021-10-03 20:11:35,75.68,3
2021-10-03 20:12:08,75.66,2
2021-10-03 20:12:17,75.65,4
2021-10-03 20:12:17,75.64,6
2021-10-03 20:12:17,75.63,2
2021-10-03 20:12:17,75.61,2
2021-10-03 20:12:31,75.61,1
2021-10-03 20:12:40,75.6,2
2021-10-03 20:12:40,75.59,9
2021-10-03 20:12:40,75.58,17
2021-10-03 20:12:40,75.57,6
2021-10-03 20:12:40,75.56,6
2021-10-03 20:12:40,75.58,5
2021-10-03 20:12:40,75.57,1
2021-10-03 20:12:40,75.56,1
2021-10-03 20:12:40,75.55,4
2021-10-03 20:12:40,75.54,5
2021-10-03 20:12:40,75.56,2
2021-10-03 20:12:40,75.57,2
2021-10-03 20:12:40,75.56,5
2021-10-03 20:12:40,75.57,1
2021-10-03 20:12:40,75.58,4
2021-10-03 20:12:41,75.58,2
2021-10-03 20:12:47,75.56,5
2021-10-03 20:12:50,75.57,1
2021-10-03 20:12:50,75.56,2
2021-10-03 20:12:53,75.57,1
2021-10-03 20:12:55,75.56,1
2021-10-03 20:13:00,75.56,1
2021-10-03 20:13:02,75.56,1
2021-10-03 20:13:03,75.56,4
2021-10-03 20:13:04,75.57,1
2021-10-03 20:13:06,75.57,1
2021-10-03 20:13:08,75.57,2
2021-10-03 20:13:08,75.56,1
2021-10-03 20:13:34,75.58,1
2021-10-03 20:13:41,75.58,1
2021-10-03 20:14:19,75.58,1
2021-10-03 20:14:41,75.58,1
2021-10-03 20:14:53,75.59,1
2021-10-03 20:15:05,75.58,3
2021-10-03 20:15:06,75.58,1
2021-10-03 20:15:18,75.57,4
2021-10-03 20:15:23,75.55,3
2021-10-03 20:15:24,75.55,2
2021-10-03 20:15:26,75.55,2
2021-10-03 20:15:31,75.53,4
2021-10-03 20:15:44,75.53,1
2021-10-03 20:15:54,75.53,1
2021-10-03 20:16:00,75.54,1
2021-10-03 20:16:02,75.54,7
2021-10-03 20:16:08,75.54,1
2021-10-03 20:16:13,75.53,2
2021-10-03 20:16:16,75.54,1
2021-10-03 20:16:17,75.54,1
2021-10-03 20:16:24,75.54,1
2021-10-03 20:16:35,75.54,8
2021-10-03 20:16:41,75.54,2
2021-10-03 20:16:58,75.54,3
2021-10-03 20:17:03,75.53,9
2021-10-03 20:17:24,75.54,1
2021-10-03 20:17:31,75.52,1
2021-10-03 20:17:36,75.54,1
2021-10-03 20:17:47,75.52,1
2021-10-03 20:17:52,75.53,1
2021-10-03 20:18:03,75.52,2
2021-10-03 20:18:14,75.52,1
2021-10-03 20:18:18,75.52,1
2021-10-03 20:18:19,75.52,1
2021-10-03 20:18:20,75.53,1
2021-10-03 20:18:26,75.53,4
2021-10-03 20:18:33,75.53,2
2021-10-03 20:18:33,75.54,1
2021-10-03 20:19:00,75.52,2
2021-10-03 20:19:09,75.52,1
2021-10-03 20:19:13,75.51,3
2021-10-03 20:19:26,75.52,1
2021-10-03 20:19:29,75.55,4
2021-10-03 20:19:29,75.56,1
2021-10-03 20:19:34,75.55,1
2021-10-03 20:19:36,75.56,1
2021-10-03 20:19:48,75.57,2
2021-10-03 20:19:51,75.56,8
2021-10-03 20:20:11,75.54,1
2021-10-03 20:20:19,75.54,1
2021-10-03 20:20:20,75.56,1
2021-10-03 20:20:28,75.55,2
2021-10-03 20:20:33,75.56,1
2021-10-03 20:20:52,75.56,1
2021-10-03 20:21:45,75.57,1
2021-10-03 20:21:52,75.57,2
2021-10-03 20:22:00,75.57,1
2021-10-03 20:22:12,75.58,2
2021-10-03 20:22:38,75.59,1
2021-10-03 20:22:39,75.59,1
2021-10-03 20:22:43,75.58,2
2021-10-03 20:22:51,75.59,1
2021-10-03 20:22:57,75.6,1
2021-10-03 20:23:00,75.6,1
2021-10-03 20:23:29,75.6,2
2021-10-03 20:23:30,75.6,1
2021-10-03 20:24:10,75.59,1
2021-10-03 20:24:21,75.6,3
2021-10-03 20:24:43,75.6,4
2021-10-03 20:24:57,75.58,1
2021-10-03 20:25:39,75.62,2
2021-10-03 20:25:39,75.63,1
2021-10-03 20:25:44,75.63,1
2021-10-03 20:25:52,75.63,1
2021-10-03 20:26:12,75.61,5
2021-10-03 20:26:42,75.63,1
2021-10-03 20:26:52,75.62,3
2021-10-03 20:26:58,75.62,1
2021-10-03 20:27:15,75.61,1
2021-10-03 20:27:24,75.61,1
2021-10-03 20:27:51,75.6,2
2021-10-03 20:27:53,75.59,3
2021-10-03 20:28:00,75.59,1
2021-10-03 20:28:04,75.6,3
2021-10-03 20:28:05,75.6,1
2021-10-03 20:28:18,75.6,1
2021-10-03 20:28:26,75.6,1
2021-10-03 20:28:33,75.6,1
2021-10-03 20:28:37,75.59,4
2021-10-03 20:28:37,75.58,1
2021-10-03 20:28:37,75.57,2
2021-10-03 20:28:45,75.58,2
2021-10-03 20:28:45,75.57,1
2021-10-03 20:29:03,75.57,1
2021-10-03 20:30:01,75.57,1
2021-10-03 20:30:06,75.58,1
2021-10-03 20:30:08,75.59,2
2021-10-03 20:30:19,75.58,1
2021-10-03 20:30:31,75.59,2
2021-10-03 20:30:38,75.59,1
2021-10-03 20:30:44,75.59,1
2021-10-03 20:30:47,75.58,2
2021-10-03 20:30:57,75.57,4
2021-10-03 20:30:59,75.56,4
2021-10-03 20:31:23,75.57,1
2021-10-03 20:31:44,75.59,1
2021-10-03 20:31:48,75.6,4
2021-10-03 20:31:55,75.61,1
2021-10-03 20:32:04,75.63,1
2021-10-03 20:32:05,75.64,5
2021-10-03 20:32:05,75.62,1
2021-10-03 20:32:10,75.64,7
2021-10-03 20:32:10,75.65,4
2021-10-03 20:32:10,75.64,1
2021-10-03 20:32:10,75.65,1
2021-10-03 20:32:10,75.66,3
2021-10-03 20:32:14,75.66,2
2021-10-03 20:32:16,75.66,4
2021-10-03 20:32:26,75.67,3
2021-10-03 20:32:35,75.66,1
2021-10-03 20:32:36,75.66,1
2021-10-03 20:32:57,75.66,1
2021-10-03 20:33:01,75.65,1
2021-10-03 20:33:11,75.65,2
2021-10-03 20:33:36,75.64,1
2021-10-03 20:33:36,75.65,1
2021-10-03 20:34:03,75.65,3
2021-10-03 20:34:04,75.64,1
2021-10-03 20:34:33,75.64,1
2021-10-03 20:34:56,75.64,1
2021-10-03 20:34:58,75.63,1
2021-10-03 20:35:24,75.67,1
2021-10-03 20:35:24,75.69,4
2021-10-03 20:35:24,75.7,1
2021-10-03 20:35:24,75.71,1
2021-10-03 20:35:24,75.72,4
2021-10-03 20:35:24,75.71,1
2021-10-03 20:35:41,75.65,1
2021-10-03 20:35:47,75.65,1
2021-10-03 20:36:15,75.64,1
2021-10-03 20:36:27,75.64,1
2021-10-03 20:36:44,75.62,2
2021-10-03 20:36:52,75.64,1
2021-10-03 20:37:06,75.62,4
2021-10-03 20:37:06,75.61,2
2021-10-03 20:37:17,75.64,1
2021-10-03 20:38:13,75.63,2
2021-10-03 20:38:36,75.65,3
2021-10-03 20:38:36,75.66,1
2021-10-03 20:39:01,75.65,1
2021-10-03 20:39:34,75.65,1
2021-10-03 20:39:38,75.64,1
2021-10-03 20:40:14,75.67,1
2021-10-03 20:40:15,75.68,6
2021-10-03 20:40:19,75.67,2
2021-10-03 20:40:51,75.65,1
2021-10-03 20:40:56,75.65,1
2021-10-03 20:41:05,75.66,4
2021-10-03 20:41:07,75.67,6
2021-10-03 20:43:10,75.66,1
2021-10-03 20:43:24,75.67,5
2021-10-03 20:43:30,75.67,1
2021-10-03 20:43:46,75.69,1
2021-10-03 20:44:04,75.68,2
2021-10-03 20:44:28,75.66,1
2021-10-03 20:44:38,75.66,2
2021-10-03 20:45:08,75.65,1
2021-10-03 20:45:18,75.65,1
2021-10-03 20:45:22,75.65,8
2021-10-03 20:45:27,75.66,9
2021-10-03 20:46:02,75.64,1
2021-10-03 20:46:13,75.64,1
2021-10-03 20:46:37,75.63,2
2021-10-03 20:46:46,75.64,2
2021-10-03 20:46:48,75.65,1
2021-10-03 20:46:50,75.64,1
2021-10-03 20:48:21,75.64,1
2021-10-03 20:48:33,75.63,1
2021-10-03 20:49:01,75.65,1
2021-10-03 20:49:01,75.66,1
2021-10-03 20:49:01,75.65,1
2021-10-03 20:49:01,75.66,1
2021-10-03 20:49:33,75.66,3
2021-10-03 20:50:50,75.66,1
2021-10-03 20:51:18,75.66,2
2021-10-03 20:51:20,75.65,1
2021-10-03 20:51:26,75.65,3
2021-10-03 20:51:53,75.63,1
2021-10-03 20:52:13,75.63,1
2021-10-03 20:52:15,75.63,1
2021-10-03 20:52:44,75.61,1
2021-10-03 20:53:02,75.6,2
2021-10-03 20:53:04,75.6,1
2021-10-03 20:53:14,75.6,1
2021-10-03 20:53:16,75.59,2
2021-10-03 20:53:20,75.58,1
2021-10-03 20:53:24,75.58,1
2021-10-03 20:53:25,75.58,1
2021-10-03 20:53:32,75.58,1
2021-10-03 20:53:35,75.58,1
2021-10-03 20:54:00,75.58,1
2021-10-03 20:54:26,75.6,3
2021-10-03 20:54:29,75.6,3
2021-10-03 20:54:35,75.6,2
2021-10-03 20:54:38,75.59,1
2021-10-03 20:54:50,75.59,1
2021-10-03 20:55:02,75.61,5
2021-10-03 20:55:03,75.62,1
2021-10-03 20:55:06,75.6,2
2021-10-03 20:55:19,75.59,1
2021-10-03 20:55:42,75.59,1
2021-10-03 20:55:45,75.6,3
2021-10-03 20:55:50,75.6,1
2021-10-03 20:56:07,75.58,1
2021-10-03 20:56:10,75.6,2
2021-10-03 20:56:32,75.61,3
2021-10-03 20:56:38,75.62,1
2021-10-03 20:56:55,75.63,3
2021-10-03 20:58:33,75.63,4
2021-10-03 20:59:00,75.61,1
2021-10-03 20:59:11,75.61,1
2021-10-03 20:59:13,75.61,2
2021-10-03 20:59:21,75.61,2
2021-10-03 20:59:27,75.62,3
2021-10-03 20:59:44,75.61,3
2021-10-03 20:59:51,75.61,2
2021-10-03 21:00:05,75.59,1
2021-10-03 21:00:06,75.58,3
2021-10-03 21:00:07,75.58,1
2021-10-03 21:00:08,75.57,3
2021-10-03 21:00:53,75.58,2
2021-10-03 21:00:53,75.59,5
2021-10-03 21:00:53,75.6,5
2021-10-03 21:00:53,75.61,2
2021-10-03 21:01:16,75.63,3
2021-10-03 21:01:16,75.65,1
2021-10-03 21:01:28,75.67,1
2021-10-03 21:01:52,75.67,2
2021-10-03 21:02:07,75.67,3
2021-10-03 21:02:07,75.66,7
2021-10-03 21:02:13,75.65,1
2021-10-03 21:02:17,75.65,2
2021-10-03 21:02:27,75.67,1
2021-10-03 21:02:33,75.65,6
2021-10-03 21:02:37,75.63,2
2021-10-03 21:02:45,75.62,1
2021-10-03 21:02:48,75.62,2
2021-10-03 21:02:56,75.64,2
2021-10-03 21:02:58,75.65,1
2021-10-03 21:03:21,75.65,1
2021-10-03 21:04:12,75.6,1
2021-10-03 21:04:36,75.59,3
2021-10-03 21:04:40,75.58,1
2021-10-03 21:04:48,75.58,1
2021-10-03 21:04:55,75.56,2
2021-10-03 21:05:00,75.56,1
2021-10-03 21:05:10,75.55,4
2021-10-03 21:05:10,75.54,8
2021-10-03 21:05:11,75.54,1
2021-10-03 21:05:17,75.54,1
2021-10-03 21:05:22,75.53,3
2021-10-03 21:05:24,75.53,2
2021-10-03 21:05:26,75.53,4
2021-10-03 21:05:27,75.53,1
2021-10-03 21:05:31,75.53,3
2021-10-03 21:05:40,75.53,1
2021-10-03 21:05:49,75.54,2
2021-10-03 21:05:57,75.55,1
2021-10-03 21:06:10,75.53,5
2021-10-03 21:06:11,75.54,2
2021-10-03 21:06:30,75.54,5
2021-10-03 21:06:36,75.54,2
2021-10-03 21:07:15,75.56,3
2021-10-03 21:07:25,75.55,1
2021-10-03 21:07:32,75.54,1
2021-10-03 21:07:40,75.55,2
2021-10-03 21:08:06,75.54,2
2021-10-03 21:08:11,75.53,2
2021-10-03 21:08:18,75.53,1
2021-10-03 21:08:43,75.55,2
2021-10-03 21:08:47,75.55,1
2021-10-03 21:08:51,75.56,1
2021-10-03 21:08:52,75.55,1
2021-10-03 21:10:02,75.56,1
2021-10-03 21:10:08,75.55,4
2021-10-03 21:10:22,75.54,1
2021-10-03 21:10:27,75.55,1
2021-10-03 21:10:40,75.54,1
2021-10-03 21:10:58,75.56,1
2021-10-03 21:11:03,75.57,1
2021-10-03 21:11:21,75.57,1
2021-10-03 21:11:56,75.56,1
2021-10-03 21:11:58,75.57,1
2021-10-03 21:12:09,75.58,2
2021-10-03 21:12:14,75.57,2
2021-10-03 21:12:32,75.56,3
2021-10-03 21:12:43,75.56,1
2021-10-03 21:13:17,75.55,1
2021-10-03 21:13:20,75.56,2
2021-10-03 21:13:25,75.58,2
2021-10-03 21:13:32,75.58,2
2021-10-03 21:13:32,75.59,1
2021-10-03 21:13:40,75.6,2
2021-10-03 21:13:58,75.59,1
2021-10-03 21:14:04,75.59,8
2021-10-03 21:14:09,75.6,1
2021-10-03 21:14:12,75.59,2
2021-10-03 21:14:15,75.59,5
2021-10-03 21:14:25,75.6,2
2021-10-03 21:14:33,75.59,1
2021-10-03 21:14:34,75.59,1
2021-10-03 21:14:59,75.59,1
2021-10-03 21:15:02,75.6,1
2021-10-03 21:15:03,75.61,1
2021-10-03 21:15:07,75.6,1
2021-10-03 21:15:12,75.61,4
2021-10-03 21:15:12,75.63,10
2021-10-03 21:15:13,75.63,1
2021-10-03 21:15:13,75.64,2
2021-10-03 21:15:14,75.63,1
2021-10-03 21:15:15,75.63,1
2021-10-03 21:15:16,75.64,1
2021-10-03 21:15:21,75.63,2
2021-10-03 21:15:24,75.63,4
2021-10-03 21:15:24,75.64,2
2021-10-03 21:15:25,75.64,5
2021-10-03 21:15:26,75.65,1
2021-10-03 21:15:28,75.64,1
2021-10-03 21:15:39,75.64,1
2021-10-03 21:15:50,75.65,4
2021-10-03 21:16:26,75.63,4
2021-10-03 21:16:47,75.63,1
2021-10-03 21:16:57,75.63,2
2021-10-03 21:17:05,75.63,3
2021-10-03 21:17:10,75.62,1
2021-10-03 21:17:40,75.63,1
2021-10-03 21:17:57,75.62,7
2021-10-03 21:18:05,75.62,1
2021-10-03 21:18:19,75.62,1
2021-10-03 21:18:21,75.62,1
2021-10-03 21:18:23,75.62,1
2021-10-03 21:19:01,75.62,4
2021-10-03 21:19:39,75.63,2
2021-10-03 21:19:53,75.64,6
2021-10-03 21:19:54,75.64,8
2021-10-03 21:19:54,75.63,2
2021-10-03 21:20:26,75.65,2
2021-10-03 21:20:29,75.66,5
2021-10-03 21:20:29,75.65,6
2021-10-03 21:20:32,75.66,2
2021-10-03 21:20:45,75.67,2
2021-10-03 21:20:45,75.68,3
2021-10-03 21:20:45,75.69,4
2021-10-03 21:20:49,75.68,3
2021-10-03 21:20:49,75.67,7
2021-10-03 21:20:54,75.69,1
2021-10-03 21:20:56,75.69,1
2021-10-03 21:20:57,75.69,1
2021-10-03 21:21:02,75.69,2
2021-10-03 21:21:02,75.68,1
2021-10-03 21:21:34,75.68,1
2021-10-03 21:21:41,75.67,1
2021-10-03 21:21:50,75.68,1
2021-10-03 21:22:01,75.68,1
2021-10-03 21:22:06,75.69,1
2021-10-03 21:22:16,75.7,2
2021-10-03 21:22:19,75.69,1
2021-10-03 21:22:25,75.7,3
2021-10-03 21:22:27,75.7,2
2021-10-03 21:22:38,75.71,2
2021-10-03 21:22:47,75.71,1
2021-10-03 21:22:48,75.7,1
2021-10-03 21:23:00,75.7,1
2021-10-03 21:23:13,75.7,1
2021-10-03 21:23:27,75.7,1
2021-10-03 21:23:37,75.7,1
2021-10-03 21:23:45,75.71,1
2021-10-03 21:23:47,75.72,1
2021-10-03 21:23:51,75.72,4
2021-10-03 21:23:57,75.73,7
2021-10-03 21:24:04,75.73,2
2021-10-03 21:24:07,75.74,1
2021-10-03 21:24:14,75.74,8
2021-10-03 21:24:15,75.74,1
2021-10-03 21:24:18,75.74,1
2021-10-03 21:24:19,75.74,1
2021-10-03 21:24:20,75.74,1
2021-10-03 21:24:32,75.73,2
2021-10-03 21:24:36,75.73,1
2021-10-03 21:24:38,75.73,2
2021-10-03 21:24:41,75.72,2
2021-10-03 21:24:58,75.71,2
2021-10-03 21:25:03,75.7,12
2021-10-03 21:25:04,75.69,1
2021-10-03 21:25:08,75.7,1
2021-10-03 21:25:10,75.69,1
2021-10-03 21:25:30,75.69,1
2021-10-03 21:25:37,75.71,1
2021-10-03 21:25:44,75.72,1
2021-10-03 21:27:17,75.71,7
2021-10-03 21:28:00,75.72,3
2021-10-03 21:28:14,75.73,5
2021-10-03 21:28:14,75.74,9
2021-10-03 21:28:15,75.74,3
2021-10-03 21:28:17,75.75,5
2021-10-03 21:28:17,75.76,4
2021-10-03 21:28:17,75.75,6
2021-10-03 21:28:18,75.75,1
2021-10-03 21:28:24,75.75,1
2021-10-03 21:28:59,75.74,1
2021-10-03 21:29:22,75.74,2
2021-10-03 21:29:30,75.73,1
2021-10-03 21:29:54,75.74,4
2021-10-03 21:30:09,75.72,1
2021-10-03 21:30:28,75.7,1
2021-10-03 21:30:32,75.71,1
2021-10-03 21:30:53,75.7,2
2021-10-03 21:30:59,75.71,8
2021-10-03 21:31:13,75.72,1
2021-10-03 21:31:20,75.74,1
2021-10-03 21:31:28,75.74,3
2021-10-03 21:31:32,75.73,1
2021-10-03 21:31:42,75.73,1
2021-10-03 21:31:46,75.72,1
2021-10-03 21:31:47,75.73,1
2021-10-03 21:32:49,75.71,1
2021-10-03 21:33:16,75.71,1
2021-10-03 21:33:18,75.72,1
2021-10-03 21:34:00,75.72,2
2021-10-03 21:34:11,75.72,1
2021-10-03 21:34:27,75.69,2
2021-10-03 21:35:08,75.68,4
2021-10-03 21:35:08,75.67,1
2021-10-03 21:35:27,75.68,1
2021-10-03 21:35:28,75.68,1
2021-10-03 21:35:35,75.68,7
2021-10-03 21:35:37,75.67,2
2021-10-03 21:35:54,75.68,1
2021-10-03 21:36:05,75.67,3
2021-10-03 21:36:17,75.67,1
2021-10-03 21:36:17,75.68,1
2021-10-03 21:36:28,75.68,2
2021-10-03 21:36:39,75.68,1
2021-10-03 21:36:44,75.69,2
2021-10-03 21:36:55,75.67,2
2021-10-03 21:37:00,75.68,1
2021-10-03 21:37:40,75.67,1
2021-10-03 21:37:46,75.67,3
2021-10-03 21:37:56,75.67,1
2021-10-03 21:38:07,75.68,5
2021-10-03 21:38:07,75.69,5
2021-10-03 21:38:12,75.67,2
2021-10-03 21:38:14,75.66,2
2021-10-03 21:38:18,75.66,3
2021-10-03 21:38:18,75.67,7
2021-10-03 21:38:22,75.65,3
2021-10-03 21:38:25,75.65,1
2021-10-03 21:38:28,75.65,1
2021-10-03 21:38:31,75.65,1
2021-10-03 21:38:37,75.65,3
2021-10-03 21:38:40,75.65,4
2021-10-03 21:38:50,75.65,2
2021-10-03 21:39:03,75.65,1
2021-10-03 21:39:11,75.65,1
2021-10-03 21:39:13,75.64,4
2021-10-03 21:39:15,75.64,3
2021-10-03 21:39:16,75.64,6
2021-10-03 21:39:20,75.63,7
2021-10-03 21:39:25,75.64,7
2021-10-03 21:39:25,75.65,3
2021-10-03 21:39:34,75.63,3
2021-10-03 21:39:44,75.63,1
2021-10-03 21:40:00,75.64,3
2021-10-03 21:40:00,75.65,7
2021-10-03 21:40:19,75.64,1
2021-10-03 21:41:01,75.63,2
2021-10-03 21:41:09,75.63,1
2021-10-03 21:41:21,75.61,1
2021-10-03 21:41:21,75.6,8
2021-10-03 21:41:21,75.59,1
2021-10-03 21:41:22,75.6,1
2021-10-03 21:41:22,75.59,6
2021-10-03 21:41:22,75.6,1
2021-10-03 21:41:32,75.6,1
2021-10-03 21:41:34,75.59,1
2021-10-03 21:41:37,75.58,1
2021-10-03 21:41:40,75.57,2
2021-10-03 21:41:41,75.58,1
2021-10-03 21:41:41,75.56,2
2021-10-03 21:41:42,75.56,1
2021-10-03 21:41:46,75.57,1
2021-10-03 21:41:47,75.56,2
2021-10-03 21:41:49,75.55,1
2021-10-03 21:41:54,75.56,2
2021-10-03 21:41:59,75.56,1
2021-10-03 21:41:59,75.55,1
2021-10-03 21:42:01,75.55,1
2021-10-03 21:42:08,75.56,1
2021-10-03 21:42:50,75.58,1
2021-10-03 21:42:56,75.59,2
2021-10-03 21:43:34,75.59,1
2021-10-03 21:43:39,75.59,2
2021-10-03 21:43:41,75.6,1
2021-10-03 21:44:02,75.59,5
2021-10-03 21:44:03,75.59,3
2021-10-03 21:44:04,75.58,1
2021-10-03 21:44:07,75.59,2
2021-10-03 21:44:22,75.57,1
2021-10-03 21:44:41,75.58,1
2021-10-03 21:44:45,75.59,2
2021-10-03 21:44:47,75.6,14
2021-10-03 21:44:52,75.62,1
2021-10-03 21:45:03,75.61,2
2021-10-03 21:45:09,75.61,2
2021-10-03 21:45:38,75.62,3
2021-10-03 21:45:40,75.63,1
2021-10-03 21:45:55,75.63,1
2021-10-03 21:46:01,75.64,2
2021-10-03 21:46:12,75.64,2
2021-10-03 21:46:13,75.62,5
2021-10-03 21:46:29,75.6,1
2021-10-03 21:47:03,75.61,1
2021-10-03 21:48:02,75.62,4
2021-10-03 21:49:17,75.62,1
2021-10-03 21:49:23,75.65,2
2021-10-03 21:49:24,75.66,1
2021-10-03 21:49:24,75.65,3
2021-10-03 21:49:38,75.63,7
2021-10-03 21:49:39,75.63,1
2021-10-03 21:50:03,75.61,3
2021-10-03 21:50:21,75.6,2
2021-10-03 21:50:21,75.59,1
2021-10-03 21:50:50,75.58,1
2021-10-03 21:50:51,75.56,1
2021-10-03 21:50:55,75.57,1
2021-10-03 21:51:01,75.55,2
2021-10-03 21:51:04,75.53,2
2021-10-03 21:51:05,75.53,1
2021-10-03 21:51:08,75.53,2
2021-10-03 21:51:09,75.54,1
2021-10-03 21:51:31,75.55,4
2021-10-03 21:51:50,75.54,1
2021-10-03 21:51:58,75.55,1
2021-10-03 21:51:59,75.54,3
2021-10-03 21:52:02,75.55,2
2021-10-03 21:52:03,75.54,2
2021-10-03 21:52:12,75.54,1
2021-10-03 21:52:25,75.54,2
2021-10-03 21:52:26,75.54,1
2021-10-03 21:52:32,75.53,2
2021-10-03 21:52:47,75.53,4
2021-10-03 21:53:36,75.54,1
2021-10-03 21:53:42,75.54,1
2021-10-03 21:53:59,75.54,2
2021-10-03 21:54:01,75.53,2
2021-10-03 21:54:02,75.52,7
2021-10-03 21:54:03,75.52,2
2021-10-03 21:54:10,75.52,1
2021-10-03 21:54:15,75.51,2
2021-10-03 21:54:23,75.52,6
2021-10-03 21:54:30,75.51,4
2021-10-03 21:54:30,75.5,14
2021-10-03 21:54:30,75.49,8
2021-10-03 21:54:30,75.48,4
2021-10-03 21:54:30,75.47,5
2021-10-03 21:54:31,75.48,2
2021-10-03 21:54:31,75.47,7
2021-10-03 21:54:31,75.48,1
2021-10-03 21:54:32,75.48,1
2021-10-03 21:54:35,75.49,1
2021-10-03 21:54:37,75.48,1
2021-10-03 21:54:40,75.48,1
2021-10-03 21:54:49,75.47,1
2021-10-03 21:54:52,75.47,1
2021-10-03 21:54:53,75.47,3
2021-10-03 21:54:58,75.46,5
2021-10-03 21:55:04,75.47,1
2021-10-03 21:55:04,75.46,3
2021-10-03 21:55:09,75.45,12
2021-10-03 21:55:09,75.44,3
2021-10-03 21:55:10,75.44,2
2021-10-03 21:55:14,75.46,1
2021-10-03 21:55:23,75.47,4
2021-10-03 21:55:27,75.49,1
2021-10-03 21:55:28,75.48,2
2021-10-03 21:55:32,75.49,1
2021-10-03 21:55:35,75.49,3
2021-10-03 21:55:37,75.49,1
2021-10-03 21:55:52,75.49,1
2021-10-03 21:55:53,75.48,3
2021-10-03 21:56:33,75.5,3
2021-10-03 21:56:33,75.52,2
2021-10-03 21:56:36,75.52,1
2021-10-03 21:56:37,75.52,1
2021-10-03 21:56:39,75.51,1
2021-10-03 21:56:54,75.51,1
2021-10-03 21:56:55,75.51,8
2021-10-03 21:56:57,75.52,1
2021-10-03 21:57:20,75.53,2
2021-10-03 21:57:44,75.53,1
2021-10-03 21:58:02,75.54,1
2021-10-03 21:58:04,75.53,1
2021-10-03 21:58:08,75.53,1
2021-10-03 21:58:10,75.53,2
2021-10-03 21:58:19,75.53,1
2021-10-03 21:58:35,75.54,2
2021-10-03 21:58:41,75.54,1
2021-10-03 21:58:55,75.53,2
2021-10-03 21:58:55,75.52,1
2021-10-03 22:00:14,75.5,6
2021-10-03 22:00:14,75.49,1
2021-10-03 22:00:26,75.49,2
2021-10-03 22:00:30,75.49,1
2021-10-03 22:00:30,75.5,1
2021-10-03 22:00:44,75.49,1
2021-10-03 22:00:45,75.5,3
2021-10-03 22:00:47,75.49,3
2021-10-03 22:00:52,75.49,1
2021-10-03 22:01:04,75.49,3
2021-10-03 22:01:20,75.49,1
2021-10-03 22:01:36,75.49,2
2021-10-03 22:02:04,75.5,2
2021-10-03 22:02:10,75.5,1
2021-10-03 22:02:44,75.53,2
2021-10-03 22:03:00,75.53,1
2021-10-03 22:03:04,75.53,2
2021-10-03 22:03:41,75.55,2
2021-10-03 22:03:50,75.54,1
2021-10-03 22:03:52,75.54,1
2021-10-03 22:03:52,75.53,1
2021-10-03 22:04:00,75.53,1
2021-10-03 22:04:43,75.54,1
2021-10-03 22:05:04,75.55,1
2021-10-03 22:05:13,75.54,2
2021-10-03 22:05:19,75.53,3
2021-10-03 22:05:31,75.53,1
2021-10-03 22:05:33,75.53,4
2021-10-03 22:06:10,75.53,4
2021-10-03 22:06:15,75.54,4
2021-10-03 22:06:15,75.55,7
2021-10-03 22:06:34,75.55,1
2021-10-03 22:06:34,75.56,3
2021-10-03 22:06:35,75.54,1
2021-10-03 22:06:54,75.54,2
2021-10-03 22:07:07,75.53,1
2021-10-03 22:07:08,75.53,2
2021-10-03 22:07:12,75.54,1
2021-10-03 22:07:35,75.53,1
2021-10-03 22:08:19,75.54,4
2021-10-03 22:08:19,75.55,6
2021-10-03 22:08:27,75.55,1
2021-10-03 22:08:33,75.56,2
2021-10-03 22:08:33,75.57,10
2021-10-03 22:08:33,75.6,8
2021-10-03 22:08:34,75.6,1
2021-10-03 22:08:34,75.62,3
2021-10-03 22:08:34,75.63,3
2021-10-03 22:08:35,75.63,1
2021-10-03 22:08:37,75.63,1
2021-10-03 22:08:41,75.61,1
2021-10-03 22:08:43,75.61,1
2021-10-03 22:08:49,75.63,1
2021-10-03 22:08:50,75.62,1
2021-10-03 22:08:51,75.63,10
2021-10-03 22:08:58,75.62,1
2021-10-03 22:09:06,75.62,3
2021-10-03 22:09:11,75.62,1
2021-10-03 22:09:13,75.62,2
2021-10-03 22:09:18,75.63,1
2021-10-03 22:09:22,75.63,1
2021-10-03 22:09:32,75.61,5
2021-10-03 22:09:51,75.6,2
2021-10-03 22:09:53,75.6,1
2021-10-03 22:10:02,75.6,1
2021-10-03 22:10:04,75.61,1
2021-10-03 22:10:05,75.62,1
2021-10-03 22:10:31,75.63,4
2021-10-03 22:10:32,75.64,2
2021-10-03 22:10:33,75.63,1
2021-10-03 22:10:49,75.64,5
2021-10-03 22:11:05,75.65,3
2021-10-03 22:11:13,75.65,5
2021-10-03 22:11:14,75.66,2
2021-10-03 22:11:15,75.67,4
2021-10-03 22:11:19,75.67,2
2021-10-03 22:11:27,75.66,1
2021-10-03 22:11:47,75.65,1
2021-10-03 22:11:59,75.64,2
2021-10-03 22:12:02,75.64,2
2021-10-03 22:12:07,75.65,10
2021-10-03 22:12:20,75.65,1
2021-10-03 22:12:33,75.65,1
2021-10-03 22:12:48,75.64,2
2021-10-03 22:13:01,75.64,2
2021-10-03 22:13:04,75.65,3
2021-10-03 22:13:05,75.66,2
2021-10-03 22:13:10,75.65,4
2021-10-03 22:13:10,75.64,2
2021-10-03 22:13:15,75.65,3
2021-10-03 22:13:27,75.65,3
2021-10-03 22:13:33,75.65,4
2021-10-03 22:13:33,75.64,6
2021-10-03 22:14:14,75.64,1
2021-10-03 22:14:21,75.64,1
2021-10-03 22:14:23,75.65,1
2021-10-03 22:14:38,75.65,2
2021-10-03 22:14:43,75.65,6
2021-10-03 22:14:57,75.64,10
2021-10-03 22:14:57,75.65,4
2021-10-03 22:15:17,75.64,2
2021-10-03 22:15:18,75.64,1
2021-10-03 22:15:33,75.64,1
2021-10-03 22:15:41,75.65,2
2021-10-03 22:15:47,75.65,4
2021-10-03 22:17:00,75.63,2
2021-10-03 22:17:02,75.63,1
2021-10-03 22:17:12,75.63,2
2021-10-03 22:17:27,75.63,1
2021-10-03 22:17:30,75.61,1
2021-10-03 22:17:37,75.61,1
2021-10-03 22:18:14,75.62,2
2021-10-03 22:18:36,75.66,1
2021-10-03 22:18:37,75.64,1
2021-10-03 22:18:43,75.66,2
2021-10-03 22:18:47,75.66,2
2021-10-03 22:18:48,75.67,1
2021-10-03 22:19:00,75.66,1
2021-10-03 22:19:07,75.67,2
2021-10-03 22:19:56,75.66,1
2021-10-03 22:20:08,75.66,1
2021-10-03 22:20:29,75.66,1
2021-10-03 22:22:07,75.64,1
2021-10-03 22:22:24,75.65,2
2021-10-03 22:22:49,75.65,1
2021-10-03 22:22:59,75.64,1
2021-10-03 22:23:00,75.65,1
2021-10-03 22:23:18,75.65,2
2021-10-03 22:23:18,75.64,5
2021-10-03 22:23:18,75.63,3
2021-10-03 22:23:18,75.62,1
2021-10-03 22:23:18,75.61,6
2021-10-03 22:23:18,75.6,3
2021-10-03 22:23:18,75.59,4
2021-10-03 22:23:18,75.6,22
2021-10-03 22:23:18,75.61,22
2021-10-03 22:23:18,75.58,2
2021-10-03 22:23:18,75.59,1
2021-10-03 22:23:18,75.6,1
2021-10-03 22:23:18,75.59,3
2021-10-03 22:23:18,75.6,2
2021-10-03 22:23:18,75.58,1
2021-10-03 22:23:19,75.58,2
2021-10-03 22:23:19,75.59,1
2021-10-03 22:23:20,75.59,1
2021-10-03 22:23:29,75.59,1
2021-10-03 22:23:48,75.59,1
2021-10-03 22:23:55,75.6,1
2021-10-03 22:24:11,75.62,1
2021-10-03 22:24:11,75.63,1
2021-10-03 22:24:19,75.62,1
2021-10-03 22:24:31,75.61,2
2021-10-03 22:24:56,75.6,1
2021-10-03 22:25:01,75.57,2
2021-10-03 22:25:30,75.57,3
2021-10-03 22:25:31,75.56,1
2021-10-03 22:25:40,75.56,2
2021-10-03 22:25:42,75.57,5
2021-10-03 22:26:09,75.58,1
2021-10-03 22:26:09,75.59,1
2021-10-03 22:26:38,75.58,1
2021-10-03 22:27:18,75.57,2
2021-10-03 22:27:38,75.57,1
2021-10-03 22:27:41,75.57,2
2021-10-03 22:28:26,75.59,2
2021-10-03 22:28:32,75.6,1
2021-10-03 22:29:12,75.62,1
2021-10-03 22:29:52,75.62,2
2021-10-03 22:29:59,75.61,1
2021-10-03 22:30:02,75.61,1
2021-10-03 22:30:07,75.62,4
2021-10-03 22:30:22,75.62,3
2021-10-03 22:30:25,75.62,4
2021-10-03 22:30:34,75.63,1
2021-10-03 22:30:34,75.64,3
2021-10-03 22:30:39,75.63,1
2021-10-03 22:30:58,75.63,1
2021-10-03 22:31:02,75.63,1
2021-10-03 22:31:18,75.63,1
2021-10-03 22:31:19,75.63,1
2021-10-03 22:31:26,75.63,1
2021-10-03 22:31:43,75.63,1
2021-10-03 22:31:50,75.65,1
2021-10-03 22:32:10,75.63,2
2021-10-03 22:32:39,75.65,1
2021-10-03 22:32:53,75.63,1
2021-10-03 22:33:03,75.63,8
2021-10-03 22:33:06,75.64,1
2021-10-03 22:33:21,75.64,1
2021-10-03 22:33:59,75.63,2
2021-10-03 22:34:13,75.63,2
2021-10-03 22:34:20,75.6,1
2021-10-03 22:34:27,75.6,1
2021-10-03 22:34:27,75.59,1
2021-10-03 22:35:59,75.59,1
2021-10-03 22:36:05,75.6,1
2021-10-03 22:36:11,75.6,1
2021-10-03 22:36:47,75.6,1
2021-10-03 22:36:53,75.61,8
2021-10-03 22:36:59,75.6,2
2021-10-03 22:37:24,75.61,2
2021-10-03 22:37:27,75.59,1
2021-10-03 22:38:50,75.61,1
2021-10-03 22:39:00,75.63,1
2021-10-03 22:39:15,75.65,1
2021-10-03 22:39:17,75.65,2
2021-10-03 22:39:18,75.64,1
2021-10-03 22:39:47,75.66,4
2021-10-03 22:39:48,75.68,7
2021-10-03 22:39:48,75.69,1
2021-10-03 22:39:48,75.68,2
2021-10-03 22:39:49,75.68,3
2021-10-03 22:39:53,75.68,1
2021-10-03 22:39:56,75.69,1
2021-10-03 22:40:06,75.67,2
2021-10-03 22:40:08,75.67,1
2021-10-03 22:40:09,75.67,1
2021-10-03 22:40:20,75.68,1
2021-10-03 22:40:29,75.66,1
2021-10-03 22:40:31,75.66,2
2021-10-03 22:40:31,75.65,2
2021-10-03 22:40:32,75.64,1
2021-10-03 22:40:50,75.66,1
2021-10-03 22:41:23,75.66,2
2021-10-03 22:42:06,75.68,1
2021-10-03 22:42:12,75.68,2
2021-10-03 22:42:14,75.68,3
2021-10-03 22:42:24,75.69,3
2021-10-03 22:42:25,75.69,2
2021-10-03 22:42:28,75.68,2
2021-10-03 22:42:36,75.68,1
2021-10-03 22:42:37,75.67,4
2021-10-03 22:42:37,75.66,6
2021-10-03 22:43:01,75.65,1
2021-10-03 22:43:09,75.68,2
2021-10-03 22:43:54,75.68,1
2021-10-03 22:45:00,75.67,2
2021-10-03 22:45:00,75.66,3
2021-10-03 22:45:00,75.65,7
2021-10-03 22:45:01,75.65,2
2021-10-03 22:45:02,75.66,2
2021-10-03 22:45:29,75.67,6
2021-10-03 22:45:38,75.66,1
2021-10-03 22:45:50,75.64,1
2021-10-03 22:45:50,75.63,8
2021-10-03 22:45:59,75.64,1
2021-10-03 22:46:18,75.64,1
2021-10-03 22:47:51,75.65,1
2021-10-03 22:48:38,75.64,7
2021-10-03 22:49:42,75.66,1
2021-10-03 22:49:55,75.67,1
2021-10-03 22:50:04,75.64,1
2021-10-03 22:51:04,75.64,1
2021-10-03 22:52:10,75.66,3
2021-10-03 22:53:44,75.64,2
2021-10-03 22:54:00,75.64,1
2021-10-03 22:54:27,75.65,1
2021-10-03 22:54:48,75.65,1
2021-10-03 22:55:03,75.63,2
2021-10-03 22:55:13,75.62,1
2021-10-03 22:55:13,75.61,1
2021-10-03 22:55:15,75.62,1
2021-10-03 22:55:26,75.61,2
2021-10-03 22:55:28,75.62,1
2021-10-03 22:55:28,75.61,3
2021-10-03 22:55:33,75.61,1
2021-10-03 22:55:54,75.64,1
2021-10-03 22:56:02,75.63,1
2021-10-03 22:56:29,75.63,1
2021-10-03 22:56:38,75.63,1
2021-10-03 22:56:40,75.62,1
2021-10-03 22:57:00,75.6,1
2021-10-03 22:57:30,75.62,1
2021-10-03 22:57:46,75.62,1
2021-10-03 22:59:01,75.62,1
2021-10-03 22:59:25,75.62,7
2021-10-03 23:00:02,75.61,3
2021-10-03 23:00:02,75.62,1
2021-10-03 23:00:02,75.61,2
2021-10-03 23:00:31,75.63,2
2021-10-03 23:01:04,75.64,1
2021-10-03 23:01:07,75.64,1
2021-10-03 23:01:21,75.65,1
2021-10-03 23:01:48,75.63,2
2021-10-03 23:02:29,75.64,2
2021-10-03 23:02:35,75.62,1
2021-10-03 23:02:57,75.62,3
2021-10-03 23:03:01,75.61,1
2021-10-03 23:03:26,75.62,1
2021-10-03 23:04:15,75.61,1
2021-10-03 23:05:10,75.61,1
2021-10-03 23:05:46,75.61,1
2021-10-03 23:05:48,75.61,1
2021-10-03 23:05:48,75.6,1
2021-10-03 23:06:07,75.6,2
2021-10-03 23:06:13,75.6,1
2021-10-03 23:06:14,75.6,1
2021-10-03 23:06:17,75.59,1
2021-10-03 23:06:22,75.59,1
2021-10-03 23:06:32,75.61,1
2021-10-03 23:07:02,75.58,4
2021-10-03 23:07:02,75.59,2
2021-10-03 23:07:03,75.59,1
2021-10-03 23:07:25,75.58,1
2021-10-03 23:07:27,75.58,4
2021-10-03 23:07:29,75.58,4
2021-10-03 23:07:30,75.58,1
2021-10-03 23:07:31,75.58,1
2021-10-03 23:07:32,75.59,5
2021-10-03 23:07:32,75.6,5
2021-10-03 23:07:49,75.58,1
2021-10-03 23:07:56,75.59,1
2021-10-03 23:08:05,75.59,1
2021-10-03 23:08:06,75.59,1
2021-10-03 23:08:49,75.58,1
2021-10-03 23:08:54,75.58,4
2021-10-03 23:08:54,75.57,1
2021-10-03 23:08:59,75.57,1
2021-10-03 23:09:07,75.57,2
2021-10-03 23:09:09,75.57,1
2021-10-03 23:09:14,75.57,1
2021-10-03 23:09:23,75.56,3
2021-10-03 23:09:26,75.56,1
2021-10-03 23:09:33,75.57,4
2021-10-03 23:09:33,75.58,6
2021-10-03 23:09:33,75.57,1
2021-10-03 23:10:08,75.57,4
2021-10-03 23:10:19,75.57,1
2021-10-03 23:10:21,75.57,1
2021-10-03 23:10:31,75.57,6
2021-10-03 23:10:31,75.58,4
2021-10-03 23:11:14,75.56,4
2021-10-03 23:11:20,75.55,2
2021-10-03 23:11:20,75.54,2
2021-10-03 23:11:25,75.55,2
2021-10-03 23:11:36,75.54,5
2021-10-03 23:11:41,75.54,2
2021-10-03 23:11:42,75.53,3
2021-10-03 23:11:42,75.52,1
2021-10-03 23:11:42,75.53,1
2021-10-03 23:11:49,75.53,6
2021-10-03 23:11:49,75.54,4
2021-10-03 23:11:50,75.53,2
2021-10-03 23:11:57,75.53,4
2021-10-03 23:12:23,75.53,4
2021-10-03 23:12:24,75.53,6
2021-10-03 23:12:24,75.54,4
2021-10-03 23:12:32,75.53,1
2021-10-03 23:13:08,75.54,1
2021-10-03 23:13:23,75.53,4
2021-10-03 23:13:39,75.54,1
2021-10-03 23:13:42,75.55,1
2021-10-03 23:13:43,75.54,4
2021-10-03 23:13:43,75.55,1
2021-10-03 23:14:00,75.54,1
2021-10-03 23:14:46,75.55,5
2021-10-03 23:15:16,75.55,13
2021-10-03 23:15:19,75.56,3
2021-10-03 23:15:19,75.57,4
2021-10-03 23:15:25,75.58,6
2021-10-03 23:15:25,75.59,5
2021-10-03 23:15:26,75.59,1
2021-10-03 23:15:29,75.59,1
2021-10-03 23:15:36,75.59,1
2021-10-03 23:15:44,75.59,2
2021-10-03 23:15:44,75.6,1
2021-10-03 23:15:57,75.57,2
2021-10-03 23:15:58,75.57,1
2021-10-03 23:16:03,75.58,1
2021-10-03 23:16:43,75.55,1
2021-10-03 23:17:33,75.57,5
2021-10-03 23:18:08,75.57,3
2021-10-03 23:18:36,75.57,1
2021-10-03 23:18:49,75.57,2
2021-10-03 23:19:28,75.57,2
2021-10-03 23:19:30,75.58,3
2021-10-03 23:19:40,75.59,2
2021-10-03 23:20:34,75.56,3
2021-10-03 23:20:45,75.56,1
2021-10-03 23:20:52,75.56,1
2021-10-03 23:22:04,75.56,1
2021-10-03 23:22:25,75.57,2
2021-10-03 23:23:14,75.56,1
2021-10-03 23:23:45,75.55,1
2021-10-03 23:24:51,75.54,1
2021-10-03 23:26:19,75.57,2
2021-10-03 23:26:59,75.57,1
2021-10-03 23:27:05,75.57,1
2021-10-03 23:27:32,75.57,1
2021-10-03 23:27:50,75.55,1
2021-10-03 23:29:28,75.54,7
2021-10-03 23:29:28,75.55,3
2021-10-03 23:29:28,75.56,6
2021-10-03 23:29:28,75.54,7
2021-10-03 23:29:28,75.55,3
2021-10-03 23:29:28,75.56,6
2021-10-03 23:30:12,75.56,1
2021-10-03 23:30:15,75.55,1
2021-10-03 23:30:22,75.55,1
2021-10-03 23:30:24,75.59,2
2021-10-03 23:30:24,75.61,3
2021-10-03 23:30:24,75.6,1
2021-10-03 23:30:25,75.61,2
2021-10-03 23:30:25,75.62,2
2021-10-03 23:30:26,75.63,1
2021-10-03 23:30:27,75.64,1
2021-10-03 23:30:27,75.65,1
2021-10-03 23:30:27,75.66,1
2021-10-03 23:30:29,75.65,1
2021-10-03 23:30:30,75.63,1
2021-10-03 23:30:30,75.64,1
2021-10-03 23:30:35,75.66,2
2021-10-03 23:30:35,75.67,1
2021-10-03 23:30:36,75.67,1
2021-10-03 23:30:36,75.68,4
2021-10-03 23:30:36,75.69,2
2021-10-03 23:30:36,75.7,6
2021-10-03 23:30:36,75.71,3
2021-10-03 23:30:38,75.7,1
2021-10-03 23:30:38,75.69,2
2021-10-03 23:30:38,75.7,1
2021-10-03 23:30:38,75.69,1
2021-10-03 23:30:39,75.68,1
2021-10-03 23:30:39,75.69,1
2021-10-03 23:30:40,75.68,1
2021-10-03 23:30:40,75.69,3
2021-10-03 23:30:43,75.66,1
2021-10-03 23:30:43,75.68,6
2021-10-03 23:30:45,75.69,1
2021-10-03 23:30:50,75.68,1
2021-10-03 23:30:55,75.67,1
2021-10-03 23:30:58,75.66,2
2021-10-03 23:31:05,75.66,2
2021-10-03 23:31:08,75.65,2
2021-10-03 23:31:14,75.65,1
2021-10-03 23:31:27,75.66,3
2021-10-03 23:31:27,75.67,2
2021-10-03 23:31:35,75.67,1
2021-10-03 23:31:42,75.68,3
2021-10-03 23:31:45,75.69,2
2021-10-03 23:31:46,75.7,4
2021-10-03 23:31:46,75.71,4
2021-10-03 23:32:01,75.69,6
2021-10-03 23:32:01,75.68,4
2021-10-03 23:32:02,75.68,1
2021-10-03 23:32:04,75.67,1
2021-10-03 23:32:10,75.67,1
2021-10-03 23:32:17,75.67,1
2021-10-03 23:32:20,75.68,2
2021-10-03 23:32:20,75.69,2
2021-10-03 23:32:22,75.66,1
2021-10-03 23:33:10,75.69,1
2021-10-03 23:33:14,75.7,1
2021-10-03 23:33:26,75.68,1
2021-10-03 23:33:34,75.67,1
2021-10-03 23:33:34,75.68,1
2021-10-03 23:33:59,75.68,1
2021-10-03 23:34:14,75.68,2
2021-10-03 23:34:25,75.7,6
2021-10-03 23:34:37,75.69,3
2021-10-03 23:34:37,75.68,7
2021-10-03 23:35:30,75.68,3
2021-10-03 23:36:23,75.67,1
2021-10-03 23:36:40,75.65,1
2021-10-03 23:36:54,75.67,3
2021-10-03 23:37:05,75.67,6
2021-10-03 23:37:09,75.67,1
2021-10-03 23:37:40,75.66,1
2021-10-03 23:37:51,75.65,1
2021-10-03 23:38:18,75.66,1
2021-10-03 23:39:34,75.67,1
2021-10-03 23:39:38,75.68,2
2021-10-03 23:40:07,75.68,4
2021-10-03 23:40:34,75.7,6
2021-10-03 23:40:58,75.69,1
2021-10-03 23:41:04,75.69,1
2021-10-03 23:41:37,75.69,2
2021-10-03 23:42:45,75.69,5
2021-10-03 23:42:50,75.68,4
2021-10-03 23:43:29,75.69,3
2021-10-03 23:43:33,75.68,1
2021-10-03 23:43:35,75.68,3
2021-10-03 23:43:42,75.68,4
2021-10-03 23:43:42,75.67,1
2021-10-03 23:43:43,75.66,1
2021-10-03 23:44:00,75.65,10
2021-10-03 23:44:01,75.65,1
2021-10-03 23:44:07,75.65,1
2021-10-03 23:44:45,75.65,4
2021-10-03 23:44:46,75.65,4
2021-10-03 23:44:57,75.65,1
2021-10-03 23:45:03,75.64,10
2021-10-03 23:45:03,75.63,6
2021-10-03 23:45:04,75.63,1
2021-10-03 23:45:10,75.64,2
2021-10-03 23:45:17,75.64,1
2021-10-03 23:46:52,75.64,10
2021-10-03 23:46:52,75.63,1
2021-10-03 23:46:54,75.63,1
2021-10-03 23:47:00,75.63,2
2021-10-03 23:47:00,75.62,1
2021-10-03 23:47:44,75.62,1
2021-10-03 23:47:50,75.62,3
2021-10-03 23:47:50,75.61,7
2021-10-03 23:47:50,75.6,2
2021-10-03 23:47:51,75.6,1
2021-10-03 23:47:52,75.61,1
2021-10-03 23:48:16,75.62,3
2021-10-03 23:48:27,75.63,2
2021-10-03 23:49:05,75.64,2
2021-10-03 23:49:09,75.64,1
2021-10-03 23:50:12,75.64,1
2021-10-03 23:51:23,75.61,5
2021-10-03 23:51:25,75.61,5
2021-10-03 23:52:15,75.62,1
2021-10-03 23:52:19,75.63,1
2021-10-03 23:52:19,75.64,2
2021-10-03 23:53:27,75.62,2
2021-10-03 23:54:13,75.6,1
2021-10-03 23:54:29,75.61,2
2021-10-03 23:54:38,75.6,3
2021-10-03 23:54:39,75.59,1
2021-10-03 23:54:52,75.6,1
2021-10-03 23:55:21,75.6,1
2021-10-03 23:55:46,75.59,1
2021-10-03 23:56:23,75.59,1
2021-10-03 23:57:43,75.59,3
2021-10-03 23:57:45,75.59,2
2021-10-03 23:57:48,75.59,1
2021-10-03 23:57:55,75.58,3
2021-10-03 23:58:00,75.57,5
2021-10-03 23:58:03,75.57,1
2021-10-03 23:58:09,75.57,1
2021-10-03 23:58:13,75.59,1
2021-10-03 23:58:13,75.6,2
2021-10-03 23:58:16,75.57,1
2021-10-03 23:58:23,75.59,1
2021-10-03 23:58:23,75.58,1
2021-10-03 23:58:52,75.6,6
2021-10-03 23:58:57,75.6,1
2021-10-03 23:59:35,75.59,4
2021-10-03 23:59:37,75.59,3
2021-10-03 23:59:44,75.58,2
2021-10-04 00:01:28,75.58,5
2021-10-04 00:01:28,75.57,4
2021-10-04 00:01:28,75.56,1
2021-10-04 00:01:39,75.57,1
2021-10-04 00:01:43,75.57,2
2021-10-04 00:02:18,75.56,1
2021-10-04 00:02:27,75.57,1
2021-10-04 00:02:50,75.57,4
2021-10-04 00:03:35,75.59,2
2021-10-04 00:03:40,75.59,2
2021-10-04 00:03:42,75.59,1
2021-10-04 00:07:13,75.61,2
2021-10-04 00:07:31,75.61,1
2021-10-04 00:07:43,75.6,1
2021-10-04 00:07:45,75.59,1
2021-10-04 00:07:53,75.59,1
2021-10-04 00:07:55,75.58,5
2021-10-04 00:07:55,75.57,4
2021-10-04 00:07:55,75.56,1
2021-10-04 00:08:16,75.57,1
2021-10-04 00:09:02,75.59,1
2021-10-04 00:09:23,75.59,1
2021-10-04 00:09:26,75.59,2
2021-10-04 00:10:26,75.6,1
2021-10-04 00:10:43,75.57,1
2021-10-04 00:12:19,75.57,1
2021-10-04 00:12:51,75.57,1
2021-10-04 00:14:20,75.56,2
2021-10-04 00:14:36,75.55,1
2021-10-04 00:15:00,75.56,1
2021-10-04 00:15:09,75.56,2
2021-10-04 00:18:13,75.57,2
2021-10-04 00:18:51,75.6,1
2021-10-04 00:19:13,75.6,1
2021-10-04 00:19:34,75.59,1
2021-10-04 00:20:02,75.62,1
2021-10-04 00:20:03,75.62,1
2021-10-04 00:20:06,75.62,1
2021-10-04 00:20:21,75.61,5
2021-10-04 00:20:57,75.63,1
2021-10-04 00:21:08,75.64,1
2021-10-04 00:21:08,75.65,1
2021-10-04 00:21:11,75.63,1
2021-10-04 00:22:25,75.62,9
2021-10-04 00:22:34,75.6,1
2021-10-04 00:25:00,75.59,1
2021-10-04 00:25:09,75.59,2
2021-10-04 00:26:58,75.59,6
2021-10-04 00:26:58,75.58,4
2021-10-04 00:27:21,75.59,1
2021-10-04 00:27:57,75.57,6
2021-10-04 00:28:32,75.58,1
2021-10-04 00:28:57,75.57,4
2021-10-04 00:28:57,75.56,6
2021-10-04 00:29:13,75.56,1
2021-10-04 00:29:13,75.55,5
2021-10-04 00:29:13,75.54,3
2021-10-04 00:29:13,75.53,7
2021-10-04 00:29:13,75.52,5
2021-10-04 00:29:13,75.54,1
2021-10-04 00:29:15,75.55,2
2021-10-04 00:29:29,75.56,1
2021-10-04 00:29:45,75.55,1
2021-10-04 00:30:08,75.56,2
2021-10-04 00:30:20,75.56,1
2021-10-04 00:30:25,75.56,2
2021-10-04 00:30:44,75.55,2
2021-10-04 00:31:03,75.53,3
2021-10-04 00:31:09,75.53,1
2021-10-04 00:31:47,75.54,1
2021-10-04 00:32:06,75.55,1
2021-10-04 00:32:07,75.55,1
2021-10-04 00:32:11,75.56,1
2021-10-04 00:32:23,75.57,1
2021-10-04 00:32:27,75.58,1
2021-10-04 00:32:36,75.58,1
2021-10-04 00:33:47,75.59,1
2021-10-04 00:35:11,75.56,1
2021-10-04 00:35:14,75.57,1
2021-10-04 00:37:19,75.6,1
2021-10-04 00:37:39,75.6,2
2021-10-04 00:38:14,75.62,1
2021-10-04 00:38:47,75.59,5
2021-10-04 00:39:41,75.61,1
2021-10-04 00:40:29,75.6,4
2021-10-04 00:40:29,75.59,1
2021-10-04 00:42:22,75.61,5
2021-10-04 00:42:31,75.6,3
2021-10-04 00:42:52,75.6,1
2021-10-04 00:42:58,75.6,1
2021-10-04 00:43:08,75.59,1
2021-10-04 00:43:36,75.58,5
2021-10-04 00:44:39,75.58,1
2021-10-04 00:45:07,75.6,2
2021-10-04 00:45:07,75.58,1
2021-10-04 00:45:26,75.61,1
2021-10-04 00:45:32,75.61,1
2021-10-04 00:46:55,75.61,1
2021-10-04 00:47:02,75.62,5
2021-10-04 00:47:03,75.62,5
2021-10-04 00:47:08,75.64,2
2021-10-04 00:47:11,75.62,1
2021-10-04 00:47:18,75.64,1
2021-10-04 00:47:22,75.64,1
2021-10-04 00:47:29,75.64,1
2021-10-04 00:47:45,75.64,1
2021-10-04 00:47:55,75.64,1
2021-10-04 00:47:57,75.64,1
2021-10-04 00:48:01,75.64,1
2021-10-04 00:48:19,75.64,1
2021-10-04 00:49:09,75.62,1
2021-10-04 00:49:12,75.62,1
2021-10-04 00:49:47,75.61,1
2021-10-04 00:52:35,75.64,1
2021-10-04 00:52:45,75.64,1
2021-10-04 00:53:12,75.64,1
2021-10-04 00:53:28,75.64,5
2021-10-04 00:53:47,75.64,1
2021-10-04 00:55:09,75.65,5
2021-10-04 00:55:10,75.65,1
2021-10-04 00:55:19,75.64,1
2021-10-04 00:55:32,75.66,5
2021-10-04 00:55:49,75.66,1
2021-10-04 00:56:28,75.65,7
2021-10-04 00:57:30,75.67,2
2021-10-04 00:57:30,75.68,1
2021-10-04 00:57:34,75.66,2
2021-10-04 00:57:35,75.67,1
2021-10-04 00:58:02,75.67,1
2021-10-04 00:58:39,75.66,1
2021-10-04 00:59:00,75.65,4
2021-10-04 00:59:00,75.64,5
2021-10-04 00:59:00,75.63,1
2021-10-04 00:59:51,75.64,2
2021-10-04 01:00:54,75.67,6
2021-10-04 01:01:03,75.68,4
2021-10-04 01:01:19,75.69,4
2021-10-04 01:01:20,75.7,27
2021-10-04 01:01:21,75.7,2
2021-10-04 01:01:22,75.71,2
2021-10-04 01:01:23,75.7,1
2021-10-04 01:01:23,75.71,1
2021-10-04 01:01:27,75.71,1
2021-10-04 01:01:28,75.73,3
2021-10-04 01:01:28,75.74,3
2021-10-04 01:01:28,75.75,2
2021-10-04 01:01:28,75.76,1
2021-10-04 01:01:28,75.74,3
2021-10-04 01:01:28,75.75,2
2021-10-04 01:01:29,75.75,2
2021-10-04 01:01:30,75.73,3
2021-10-04 01:01:33,75.74,2
2021-10-04 01:01:34,75.74,1
2021-10-04 01:01:35,75.73,1
2021-10-04 01:01:38,75.74,2
2021-10-04 01:01:39,75.74,1
2021-10-04 01:01:40,75.73,1
2021-10-04 01:01:43,75.74,1
2021-10-04 01:01:50,75.76,1
2021-10-04 01:01:50,75.75,1
2021-10-04 01:01:54,75.77,4
2021-10-04 01:01:58,75.76,1
2021-10-04 01:02:01,75.76,1
2021-10-04 01:02:10,75.77,1
2021-10-04 01:02:17,75.76,1
2021-10-04 01:02:29,75.75,1
2021-10-04 01:02:40,75.74,2
2021-10-04 01:02:48,75.74,1
2021-10-04 01:02:58,75.73,4
2021-10-04 01:03:11,75.73,2
2021-10-04 01:03:19,75.74,1
2021-10-04 01:03:25,75.73,1
2021-10-04 01:04:08,75.71,6
2021-10-04 01:04:41,75.71,1
2021-10-04 01:04:42,75.71,1
2021-10-04 01:05:05,75.73,1
2021-10-04 01:05:08,75.74,2
2021-10-04 01:05:09,75.74,1
2021-10-04 01:05:13,75.76,1
2021-10-04 01:05:29,75.75,1
2021-10-04 01:05:32,75.75,1
2021-10-04 01:05:40,75.75,1
2021-10-04 01:05:58,75.74,1
2021-10-04 01:06:03,75.73,1
2021-10-04 01:06:24,75.74,1
2021-10-04 01:06:49,75.75,4
2021-10-04 01:07:21,75.73,1
2021-10-04 01:07:24,75.72,4
2021-10-04 01:07:28,75.72,4
2021-10-04 01:07:29,75.72,2
2021-10-04 01:07:32,75.72,1
2021-10-04 01:07:50,75.72,2
2021-10-04 01:08:00,75.73,4
2021-10-04 01:08:00,75.74,6
2021-10-04 01:09:08,75.75,2
2021-10-04 01:09:25,75.75,3
2021-10-04 01:09:29,75.76,1
2021-10-04 01:09:38,75.76,2
2021-10-04 01:09:44,75.77,2
2021-10-04 01:10:03,75.78,2
2021-10-04 01:10:03,75.79,3
2021-10-04 01:10:07,75.78,3
2021-10-04 01:10:09,75.79,9
2021-10-04 01:10:09,75.8,9
2021-10-04 01:10:10,75.81,1
2021-10-04 01:10:12,75.82,4
2021-10-04 01:10:12,75.83,6
2021-10-04 01:10:12,75.82,1
2021-10-04 01:10:13,75.82,3
2021-10-04 01:10:19,75.81,5
2021-10-04 01:10:21,75.81,4
2021-10-04 01:10:23,75.81,1
2021-10-04 01:10:23,75.8,4
2021-10-04 01:10:34,75.77,3
2021-10-04 01:10:52,75.76,1
2021-10-04 01:10:54,75.78,2
2021-10-04 01:10:54,75.77,3
2021-10-04 01:11:03,75.77,3
2021-10-04 01:11:19,75.76,1
2021-10-04 01:12:20,75.76,1
2021-10-04 01:12:21,75.76,1
2021-10-04 01:12:21,75.75,2
2021-10-04 01:12:24,75.75,1
2021-10-04 01:12:27,75.75,2
2021-10-04 01:12:48,75.74,2
2021-10-04 01:12:49,75.73,1
2021-10-04 01:13:02,75.75,4
2021-10-04 01:13:14,75.76,1
2021-10-04 01:13:21,75.75,1
2021-10-04 01:13:57,75.74,7
2021-10-04 01:14:03,75.75,2
2021-10-04 01:14:39,75.77,4
2021-10-04 01:14:50,75.77,1
2021-10-04 01:15:19,75.77,2
2021-10-04 01:15:42,75.76,6
2021-10-04 01:15:45,75.76,1
2021-10-04 01:18:12,75.79,1
2021-10-04 01:18:14,75.79,1
2021-10-04 01:18:17,75.78,1
2021-10-04 01:18:50,75.78,4
2021-10-04 01:19:36,75.78,1
2021-10-04 01:19:38,75.78,3
2021-10-04 01:19:45,75.78,4
2021-10-04 01:20:02,75.78,4
2021-10-04 01:20:38,75.78,5
2021-10-04 01:20:41,75.78,1
2021-10-04 01:20:43,75.79,1
2021-10-04 01:20:59,75.8,2
2021-10-04 01:20:59,75.81,2
2021-10-04 01:21:01,75.81,5
2021-10-04 01:21:01,75.8,3
2021-10-04 01:21:14,75.81,2
2021-10-04 01:21:29,75.81,1
2021-10-04 01:21:40,75.81,3
2021-10-04 01:21:43,75.81,7
2021-10-04 01:22:12,75.79,1
2021-10-04 01:22:16,75.8,2
2021-10-04 01:22:18,75.8,2
2021-10-04 01:22:22,75.81,1
2021-10-04 01:22:23,75.81,1
2021-10-04 01:22:41,75.82,1
2021-10-04 01:22:41,75.83,1
2021-10-04 01:22:45,75.82,2
2021-10-04 01:22:46,75.82,1
2021-10-04 01:22:49,75.82,2
2021-10-04 01:22:56,75.8,5
2021-10-04 01:23:01,75.81,1
2021-10-04 01:23:02,75.8,3
2021-10-04 01:23:34,75.8,1
2021-10-04 01:24:00,75.81,1
2021-10-04 01:24:08,75.83,1
2021-10-04 01:24:11,75.83,1
2021-10-04 01:24:42,75.8,3
2021-10-04 01:25:10,75.78,2
2021-10-04 01:26:43,75.8,1
2021-10-04 01:27:21,75.8,2
2021-10-04 01:27:36,75.79,1
2021-10-04 01:27:42,75.78,5
2021-10-04 01:28:17,75.79,1
2021-10-04 01:28:32,75.79,2
2021-10-04 01:28:39,75.79,1
2021-10-04 01:29:01,75.79,1
2021-10-04 01:29:09,75.8,4
2021-10-04 01:30:11,75.81,2
2021-10-04 01:30:28,75.8,1
2021-10-04 01:30:36,75.8,1
2021-10-04 01:30:43,75.8,2
2021-10-04 01:31:27,75.8,2
2021-10-04 01:31:50,75.8,1
2021-10-04 01:32:08,75.81,1
2021-10-04 01:32:22,75.81,2
2021-10-04 01:32:37,75.8,1
2021-10-04 01:32:41,75.79,1
2021-10-04 01:32:51,75.8,1
2021-10-04 01:33:43,75.77,2
2021-10-04 01:34:03,75.75,4
2021-10-04 01:34:03,75.74,1
2021-10-04 01:34:03,75.73,1
2021-10-04 01:34:05,75.75,2
2021-10-04 01:34:24,75.74,2
2021-10-04 01:34:29,75.73,5
2021-10-04 01:34:30,75.73,1
2021-10-04 01:34:35,75.74,1
2021-10-04 01:34:52,75.74,4
2021-10-04 01:34:52,75.75,6
2021-10-04 01:34:53,75.76,4
2021-10-04 01:35:10,75.76,4
2021-10-04 01:35:22,75.76,1
2021-10-04 01:36:00,75.77,3
2021-10-04 01:36:00,75.78,9
2021-10-04 01:36:13,75.76,2
2021-10-04 01:37:10,75.75,1
2021-10-04 01:37:50,75.76,1
2021-10-04 01:38:22,75.78,1
2021-10-04 01:38:45,75.78,1
2021-10-04 01:38:55,75.78,5
2021-10-04 01:38:55,75.77,1
2021-10-04 01:39:12,75.78,1
2021-10-04 01:40:20,75.75,12
2021-10-04 01:40:32,75.75,1
2021-10-04 01:41:00,75.75,1
2021-10-04 01:41:25,75.74,1
2021-10-04 01:41:55,75.73,3
2021-10-04 01:41:55,75.72,4
2021-10-04 01:41:55,75.71,2
2021-10-04 01:41:56,75.7,4
2021-10-04 01:41:56,75.71,2
2021-10-04 01:41:56,75.7,1
2021-10-04 01:41:57,75.69,1
2021-10-04 01:42:05,75.71,3
2021-10-04 01:42:07,75.71,3
2021-10-04 01:42:09,75.71,3
2021-10-04 01:42:10,75.72,6
2021-10-04 01:42:10,75.73,4
2021-10-04 01:42:12,75.72,1
2021-10-04 01:42:22,75.72,2
2021-10-04 01:42:26,75.72,2
2021-10-04 01:42:27,75.72,1
2021-10-04 01:42:35,75.73,2
2021-10-04 01:42:42,75.72,1
2021-10-04 01:42:46,75.73,5
2021-10-04 01:43:01,75.72,1
2021-10-04 01:43:18,75.71,8
2021-10-04 01:43:38,75.72,2
2021-10-04 01:44:08,75.72,1
2021-10-04 01:44:28,75.72,1
2021-10-04 01:44:29,75.71,1
2021-10-04 01:44:43,75.73,1
2021-10-04 01:45:16,75.73,1
2021-10-04 01:45:25,75.73,1
2021-10-04 01:45:40,75.74,2
2021-10-04 01:45:56,75.72,2
2021-10-04 01:46:00,75.73,1
2021-10-04 01:46:01,75.72,2
2021-10-04 01:46:04,75.72,2
2021-10-04 01:46:09,75.73,2
2021-10-04 01:46:18,75.74,1
2021-10-04 01:46:32,75.73,5
2021-10-04 01:46:42,75.72,2
2021-10-04 01:46:43,75.72,1
2021-10-04 01:46:47,75.72,1
2021-10-04 01:47:01,75.71,1
2021-10-04 01:47:59,75.72,1
2021-10-04 01:48:01,75.71,4
2021-10-04 01:48:09,75.71,4
2021-10-04 01:48:09,75.7,2
2021-10-04 01:48:10,75.69,2
2021-10-04 01:48:10,75.68,2
2021-10-04 01:48:11,75.68,1
2021-10-04 01:48:23,75.7,1
2021-10-04 01:48:25,75.71,2
2021-10-04 01:48:34,75.7,7
2021-10-04 01:48:40,75.7,1
2021-10-04 01:48:41,75.7,1
2021-10-04 01:48:50,75.7,1
2021-10-04 01:49:51,75.74,3
2021-10-04 01:50:22,75.75,1
2021-10-04 01:50:35,75.75,5
2021-10-04 01:51:17,75.75,6
2021-10-04 01:51:17,75.76,2
2021-10-04 01:51:26,75.76,2
2021-10-04 01:51:26,75.77,1
2021-10-04 01:51:26,75.79,1
2021-10-04 01:51:27,75.8,10
2021-10-04 01:51:40,75.81,1
2021-10-04 01:51:44,75.81,1
2021-10-04 01:51:53,75.79,1
2021-10-04 01:51:53,75.8,6
2021-10-04 01:52:19,75.79,1
2021-10-04 01:52:21,75.8,1
2021-10-04 01:52:32,75.8,9
2021-10-04 01:52:43,75.79,4
2021-10-04 01:52:46,75.78,18
2021-10-04 01:53:01,75.77,3
2021-10-04 01:53:11,75.76,1
2021-10-04 01:53:19,75.76,4
2021-10-04 01:53:20,75.78,1
2021-10-04 01:53:23,75.78,1
2021-10-04 01:53:50,75.79,3
2021-10-04 01:53:57,75.79,1
2021-10-04 01:54:12,75.78,4
2021-10-04 01:54:57,75.78,4
2021-10-04 01:55:14,75.76,5
2021-10-04 01:55:20,75.77,1
2021-10-04 01:55:32,75.77,2
2021-10-04 01:55:37,75.77,2
2021-10-04 01:55:38,75.77,2
2021-10-04 01:55:55,75.75,7
2021-10-04 01:55:55,75.74,3
2021-10-04 01:56:31,75.72,7
2021-10-04 01:56:41,75.72,2
2021-10-04 01:56:59,75.73,1
2021-10-04 01:57:36,75.72,6
2021-10-04 01:57:36,75.73,1
2021-10-04 01:57:50,75.73,1
2021-10-04 01:58:35,75.71,1
2021-10-04 01:58:46,75.7,5
2021-10-04 01:58:47,75.69,2
2021-10-04 01:59:03,75.71,1
2021-10-04 01:59:05,75.71,12
2021-10-04 01:59:11,75.71,1
2021-10-04 01:59:16,75.71,1
2021-10-04 01:59:35,75.7,3
2021-10-04 01:59:35,75.69,13
2021-10-04 01:59:35,75.7,1
2021-10-04 01:59:41,75.7,1
2021-10-04 01:59:45,75.69,2
2021-10-04 02:00:00,75.69,5
2021-10-04 02:00:01,75.69,1
2021-10-04 02:00:02,75.69,3
2021-10-04 02:00:03,75.68,1
2021-10-04 02:00:04,75.68,1
2021-10-04 02:00:05,75.68,2
2021-10-04 02:00:05,75.67,2
2021-10-04 02:00:05,75.66,3
2021-10-04 02:00:06,75.66,5
2021-10-04 02:00:06,75.65,6
2021-10-04 02:00:06,75.64,1
2021-10-04 02:00:06,75.65,7
2021-10-04 02:00:06,75.64,4
2021-10-04 02:00:07,75.64,1
2021-10-04 02:00:09,75.64,1
2021-10-04 02:00:13,75.64,9
2021-10-04 02:00:13,75.63,11
2021-10-04 02:00:14,75.63,1
2021-10-04 02:00:14,75.64,1
2021-10-04 02:00:15,75.64,2
2021-10-04 02:00:16,75.64,1
2021-10-04 02:00:21,75.64,1
2021-10-04 02:00:21,75.66,1
2021-10-04 02:00:23,75.66,1
2021-10-04 02:00:48,75.64,1
2021-10-04 02:00:55,75.64,1
2021-10-04 02:00:56,75.65,2
2021-10-04 02:01:00,75.64,1
2021-10-04 02:01:01,75.64,1
2021-10-04 02:01:06,75.65,4
2021-10-04 02:01:06,75.66,3
2021-10-04 02:01:09,75.63,2
2021-10-04 02:01:14,75.64,1
2021-10-04 02:01:26,75.66,3
2021-10-04 02:01:29,75.66,1
2021-10-04 02:01:38,75.67,1
2021-10-04 02:01:41,75.67,4
2021-10-04 02:01:49,75.68,1
2021-10-04 02:01:50,75.68,2
2021-10-04 02:01:55,75.68,2
2021-10-04 02:02:03,75.65,2
2021-10-04 02:02:03,75.64,2
2021-10-04 02:02:05,75.64,1
2021-10-04 02:02:12,75.64,1
2021-10-04 02:02:13,75.64,4
2021-10-04 02:02:21,75.63,2
2021-10-04 02:02:27,75.65,1
2021-10-04 02:02:30,75.65,3
2021-10-04 02:02:59,75.65,1
2021-10-04 02:03:14,75.63,4
2021-10-04 02:03:14,75.62,1
2021-10-04 02:04:00,75.64,1
2021-10-04 02:04:14,75.63,1
2021-10-04 02:04:20,75.63,1
2021-10-04 02:04:20,75.62,11
2021-10-04 02:04:21,75.61,1
2021-10-04 02:04:28,75.63,1
2021-10-04 02:04:31,75.62,6
2021-10-04 02:04:41,75.62,3
2021-10-04 02:04:45,75.62,1
2021-10-04 02:04:55,75.62,7
2021-10-04 02:05:02,75.62,1
2021-10-04 02:05:03,75.62,2
2021-10-04 02:05:03,75.61,2
2021-10-04 02:05:06,75.61,1
2021-10-04 02:05:08,75.6,6
2021-10-04 02:05:09,75.6,10
2021-10-04 02:05:20,75.6,1
2021-10-04 02:05:31,75.6,1
2021-10-04 02:05:41,75.6,1
2021-10-04 02:05:45,75.6,4
2021-10-04 02:05:47,75.6,4
2021-10-04 02:06:02,75.6,1
2021-10-04 02:06:13,75.59,1
2021-10-04 02:06:15,75.59,2
2021-10-04 02:06:16,75.59,1
2021-10-04 02:06:17,75.59,3
2021-10-04 02:06:20,75.59,2
2021-10-04 02:06:22,75.59,1
2021-10-04 02:06:23,75.58,6
2021-10-04 02:06:24,75.58,1
2021-10-04 02:06:26,75.57,3
2021-10-04 02:06:28,75.58,5
2021-10-04 02:06:29,75.59,2
2021-10-04 02:06:44,75.58,3
2021-10-04 02:06:45,75.57,2
2021-10-04 02:06:53,75.58,1
2021-10-04 02:06:53,75.57,1
2021-10-04 02:06:56,75.56,3
2021-10-04 02:06:57,75.56,6
2021-10-04 02:07:12,75.56,1
2021-10-04 02:07:13,75.55,3
2021-10-04 02:07:43,75.58,2
2021-10-04 02:07:48,75.58,1
2021-10-04 02:07:56,75.58,2
2021-10-04 02:08:08,75.57,2
2021-10-04 02:08:08,75.58,3
2021-10-04 02:08:08,75.59,10
2021-10-04 02:08:10,75.58,5
2021-10-04 02:08:27,75.61,3
2021-10-04 02:08:31,75.6,2
2021-10-04 02:08:45,75.61,4
2021-10-04 02:08:45,75.62,6
2021-10-04 02:08:54,75.63,1
2021-10-04 02:09:17,75.63,1
2021-10-04 02:09:32,75.62,4
2021-10-04 02:09:41,75.63,1
2021-10-04 02:09:41,75.65,1
2021-10-04 02:09:46,75.63,3
2021-10-04 02:09:52,75.63,6
2021-10-04 02:10:05,75.62,1
2021-10-04 02:10:15,75.61,1
2021-10-04 02:10:34,75.62,1
2021-10-04 02:10:40,75.62,1
2021-10-04 02:11:21,75.61,2
2021-10-04 02:12:21,75.61,2
2021-10-04 02:12:24,75.61,1
2021-10-04 02:12:35,75.6,1
2021-10-04 02:12:40,75.61,1
2021-10-04 02:12:57,75.61,1
2021-10-04 02:13:21,75.61,1
2021-10-04 02:14:03,75.58,2
2021-10-04 02:14:03,75.57,1
2021-10-04 02:14:03,75.56,2
2021-10-04 02:14:03,75.55,6
2021-10-04 02:14:07,75.55,1
2021-10-04 02:14:13,75.56,6
2021-10-04 02:14:20,75.58,4
2021-10-04 02:14:38,75.59,3
2021-10-04 02:14:38,75.61,1
2021-10-04 02:14:39,75.6,4
2021-10-04 02:15:02,75.58,5
2021-10-04 02:15:23,75.54,5
2021-10-04 02:15:26,75.53,6
2021-10-04 02:15:26,75.52,3
2021-10-04 02:15:26,75.54,4
2021-10-04 02:16:00,75.56,1
2021-10-04 02:16:02,75.55,3
2021-10-04 02:16:02,75.54,1
2021-10-04 02:16:05,75.54,5
2021-10-04 02:16:09,75.55,1
2021-10-04 02:16:26,75.56,2
2021-10-04 02:16:55,75.56,3
2021-10-04 02:17:00,75.57,2
2021-10-04 02:17:03,75.55,1
2021-10-04 02:17:58,75.55,1
2021-10-04 02:18:25,75.54,3
2021-10-04 02:18:32,75.54,8
2021-10-04 02:18:39,75.55,3
2021-10-04 02:18:48,75.55,3
2021-10-04 02:18:51,75.54,6
2021-10-04 02:18:58,75.55,2
2021-10-04 02:19:01,75.54,6
2021-10-04 02:19:23,75.53,4
2021-10-04 02:19:49,75.54,1
2021-10-04 02:19:50,75.55,5
2021-10-04 02:20:00,75.55,1
2021-10-04 02:20:04,75.54,1
2021-10-04 02:20:16,75.53,1
2021-10-04 02:20:20,75.53,3
2021-10-04 02:20:34,75.54,1
2021-10-04 02:20:58,75.53,2
2021-10-04 02:21:14,75.55,3
2021-10-04 02:21:20,75.55,3
2021-10-04 02:21:22,75.55,3
2021-10-04 02:21:24,75.55,2
2021-10-04 02:21:25,75.56,2
2021-10-04 02:21:26,75.56,3
2021-10-04 02:21:28,75.56,3
2021-10-04 02:21:35,75.56,5
2021-10-04 02:21:40,75.55,1
2021-10-04 02:21:49,75.56,2
2021-10-04 02:21:53,75.55,1
2021-10-04 02:21:54,75.56,9
2021-10-04 02:21:56,75.56,1
2021-10-04 02:21:58,75.55,2
2021-10-04 02:21:59,75.54,1
2021-10-04 02:21:59,75.53,8
2021-10-04 02:21:59,75.52,24
2021-10-04 02:22:00,75.51,3
2021-10-04 02:22:00,75.5,10
2021-10-04 02:22:07,75.49,4
2021-10-04 02:22:07,75.48,12
2021-10-04 02:22:07,75.47,4
2021-10-04 02:22:09,75.49,4
2021-10-04 02:22:13,75.47,1
2021-10-04 02:22:13,75.46,3
2021-10-04 02:22:13,75.47,1
2021-10-04 02:22:39,75.49,5
2021-10-04 02:22:54,75.5,1
2021-10-04 02:22:57,75.5,1
2021-10-04 02:23:09,75.51,1
2021-10-04 02:23:09,75.52,1
2021-10-04 02:23:19,75.5,1
2021-10-04 02:23:21,75.51,5
2021-10-04 02:23:26,75.51,1
2021-10-04 02:23:44,75.51,2
2021-10-04 02:24:00,75.5,1
2021-10-04 02:24:02,75.5,1
2021-10-04 02:24:04,75.49,2
2021-10-04 02:24:14,75.49,6
2021-10-04 02:24:14,75.48,3
2021-10-04 02:24:23,75.47,3
2021-10-04 02:24:29,75.47,3
2021-10-04 02:24:38,75.47,1
2021-10-04 02:25:14,75.49,3
2021-10-04 02:25:16,75.49,4
2021-10-04 02:25:21,75.5,3
2021-10-04 02:25:22,75.5,1
2021-10-04 02:25:24,75.5,3
2021-10-04 02:25:26,75.51,1
2021-10-04 02:25:49,75.5,1
2021-10-04 02:25:57,75.51,1
2021-10-04 02:25:59,75.52,1
2021-10-04 02:26:00,75.51,1
2021-10-04 02:26:14,75.51,1
2021-10-04 02:26:18,75.51,1
2021-10-04 02:26:18,75.5,3
2021-10-04 02:26:19,75.5,2
2021-10-04 02:26:44,75.51,3
2021-10-04 02:26:48,75.49,1
2021-10-04 02:26:51,75.49,1
2021-10-04 02:26:55,75.5,1
2021-10-04 02:27:10,75.51,1
2021-10-04 02:27:27,75.53,1
2021-10-04 02:27:30,75.53,1
2021-10-04 02:27:34,75.53,1
2021-10-04 02:28:06,75.53,2
2021-10-04 02:28:14,75.53,2
2021-10-04 02:28:30,75.52,42
2021-10-04 02:28:31,75.52,1
2021-10-04 02:28:59,75.5,7
2021-10-04 02:29:10,75.48,2
2021-10-04 02:29:56,75.51,5
2021-10-04 02:30:08,75.5,1
2021-10-04 02:30:18,75.52,2
2021-10-04 02:30:33,75.51,2
2021-10-04 02:30:35,75.51,2
2021-10-04 02:31:02,75.53,1
2021-10-04 02:31:16,75.55,7
2021-10-04 02:31:16,75.56,8
2021-10-04 02:31:24,75.56,1
2021-10-04 02:31:25,75.56,1
2021-10-04 02:31:26,75.55,1
2021-10-04 02:31:35,75.55,3
2021-10-04 02:31:52,75.55,5
2021-10-04 02:31:59,75.55,1
2021-10-04 02:32:05,75.53,1
2021-10-04 02:32:05,75.52,1
2021-10-04 02:32:09,75.53,4
2021-10-04 02:32:24,75.53,2
2021-10-04 02:33:14,75.52,1
2021-10-04 02:33:33,75.51,2
2021-10-04 02:33:43,75.5,4
2021-10-04 02:35:12,75.51,1
2021-10-04 02:35:49,75.53,3
2021-10-04 02:35:49,75.54,15
2021-10-04 02:36:08,75.55,1
2021-10-04 02:36:09,75.54,1
2021-10-04 02:36:49,75.53,1
2021-10-04 02:36:51,75.54,2
2021-10-04 02:36:58,75.54,1
2021-10-04 02:37:20,75.53,1
2021-10-04 02:37:22,75.53,1
2021-10-04 02:37:26,75.52,1
2021-10-04 02:37:39,75.52,1
2021-10-04 02:37:41,75.52,1
2021-10-04 02:37:47,75.52,1
2021-10-04 02:37:56,75.52,4
2021-10-04 02:37:56,75.53,7
2021-10-04 02:37:56,75.54,2
2021-10-04 02:38:00,75.52,4
2021-10-04 02:38:10,75.52,6
2021-10-04 02:38:16,75.52,1
2021-10-04 02:38:33,75.52,1
2021-10-04 02:38:35,75.51,1
2021-10-04 02:38:36,75.51,3
2021-10-04 02:38:44,75.51,1
2021-10-04 02:39:05,75.5,3
2021-10-04 02:39:17,75.5,1
2021-10-04 02:39:28,75.5,4
2021-10-04 02:39:46,75.52,1
2021-10-04 02:40:44,75.51,7
2021-10-04 02:41:16,75.5,1
2021-10-04 02:41:29,75.49,3
2021-10-04 02:41:33,75.48,3
2021-10-04 02:41:54,75.49,3
2021-10-04 02:42:00,75.47,2
2021-10-04 02:42:11,75.48,1
2021-10-04 02:42:24,75.49,1
2021-10-04 02:42:50,75.5,2
2021-10-04 02:44:00,75.51,2
2021-10-04 02:44:24,75.5,1
2021-10-04 02:44:32,75.48,3
2021-10-04 02:44:46,75.48,8
2021-10-04 02:44:51,75.49,2
2021-10-04 02:44:53,75.49,9
2021-10-04 02:44:54,75.49,22
2021-10-04 02:45:11,75.47,12
2021-10-04 02:45:11,75.46,2
2021-10-04 02:45:19,75.47,1
2021-10-04 02:45:53,75.49,1
2021-10-04 02:46:04,75.47,2
2021-10-04 02:46:07,75.48,3
2021-10-04 02:46:20,75.49,2
2021-10-04 02:46:29,75.5,3
2021-10-04 02:46:30,75.5,3
2021-10-04 02:46:41,75.5,1
2021-10-04 02:46:52,75.49,5
2021-10-04 02:46:53,75.49,3
2021-10-04 02:46:54,75.49,3
2021-10-04 02:46:55,75.48,5
2021-10-04 02:46:58,75.48,5
2021-10-04 02:47:01,75.48,1
2021-10-04 02:47:26,75.49,5
2021-10-04 02:47:27,75.49,3
2021-10-04 02:47:42,75.49,1
2021-10-04 02:48:17,75.48,7
2021-10-04 02:48:21,75.48,3
2021-10-04 02:48:23,75.48,3
2021-10-04 02:48:29,75.48,3
2021-10-04 02:48:32,75.48,3
2021-10-04 02:48:33,75.48,3
2021-10-04 02:48:35,75.48,3
2021-10-04 02:48:51,75.48,1
2021-10-04 02:49:13,75.48,3
2021-10-04 02:49:48,75.48,2
2021-10-04 02:49:54,75.47,2
2021-10-04 02:49:55,75.48,3
2021-10-04 02:50:01,75.48,3
2021-10-04 02:51:00,75.48,1
2021-10-04 02:51:00,75.47,2
2021-10-04 02:51:06,75.47,2
2021-10-04 02:51:31,75.47,3
2021-10-04 02:51:33,75.46,10
2021-10-04 02:51:39,75.46,1
2021-10-04 02:51:43,75.48,1
2021-10-04 02:51:45,75.48,2
2021-10-04 02:52:02,75.48,1
2021-10-04 02:52:12,75.48,1
2021-10-04 02:52:40,75.51,7
2021-10-04 02:52:42,75.51,3
2021-10-04 02:52:45,75.52,8
2021-10-04 02:52:51,75.52,2
2021-10-04 02:52:53,75.52,1
2021-10-04 02:52:56,75.52,4
2021-10-04 02:53:03,75.53,6
2021-10-04 02:53:04,75.54,1
2021-10-04 02:53:07,75.54,1
2021-10-04 02:53:26,75.52,1
2021-10-04 02:53:33,75.51,1
2021-10-04 02:53:34,75.5,1
2021-10-04 02:54:00,75.52,1
2021-10-04 02:54:01,75.52,1
2021-10-04 02:54:05,75.52,1
2021-10-04 02:54:08,75.51,7
2021-10-04 02:54:09,75.51,3
2021-10-04 02:54:41,75.5,1
2021-10-04 02:55:08,75.51,1
2021-10-04 02:56:32,75.52,1
2021-10-04 02:56:47,75.5,1
2021-10-04 02:56:55,75.5,1
2021-10-04 02:57:05,75.5,1
2021-10-04 02:57:54,75.5,1
2021-10-04 02:57:59,75.49,1
2021-10-04 02:59:01,75.49,7
2021-10-04 02:59:32,75.5,1
2021-10-04 02:59:40,75.52,1
2021-10-04 02:59:43,75.5,3
2021-10-04 02:59:48,75.49,3
2021-10-04 03:00:00,75.5,3
2021-10-04 03:00:00,75.48,5
2021-10-04 03:00:00,75.47,3
2021-10-04 03:00:01,75.47,3
2021-10-04 03:00:03,75.47,2
2021-10-04 03:00:05,75.46,7
2021-10-04 03:00:10,75.45,6
2021-10-04 03:00:10,75.44,11
2021-10-04 03:00:10,75.43,5
2021-10-04 03:00:10,75.42,14
2021-10-04 03:00:10,75.41,4
2021-10-04 03:00:10,75.4,5
2021-10-04 03:00:10,75.39,21
2021-10-04 03:00:10,75.38,8
2021-10-04 03:00:10,75.4,2
2021-10-04 03:00:10,75.38,1
2021-10-04 03:00:10,75.4,1
2021-10-04 03:00:11,75.38,5
2021-10-04 03:00:11,75.39,1
2021-10-04 03:00:16,75.39,1
2021-10-04 03:00:20,75.4,1
2021-10-04 03:00:21,75.39,1
2021-10-04 03:00:25,75.39,3
2021-10-04 03:00:25,75.38,1
2021-10-04 03:00:26,75.4,3
2021-10-04 03:00:28,75.4,1
2021-10-04 03:00:31,75.39,2
2021-10-04 03:00:31,75.38,1
2021-10-04 03:00:42,75.4,5
2021-10-04 03:00:57,75.41,3
2021-10-04 03:01:10,75.41,2
2021-10-04 03:01:11,75.41,2
2021-10-04 03:01:12,75.43,2
2021-10-04 03:01:12,75.44,4
2021-10-04 03:01:12,75.43,2
2021-10-04 03:01:17,75.46,2
2021-10-04 03:01:51,75.43,1
2021-10-04 03:02:05,75.45,1
2021-10-04 03:02:14,75.45,1
2021-10-04 03:02:38,75.44,1
2021-10-04 03:02:48,75.47,1
2021-10-04 03:02:48,75.48,1
2021-10-04 03:02:48,75.49,1
2021-10-04 03:02:48,75.5,3
2021-10-04 03:02:50,75.49,2
2021-10-04 03:02:55,75.48,1
2021-10-04 03:03:02,75.48,2
2021-10-04 03:03:16,75.47,5
2021-10-04 03:03:21,75.48,5
2021-10-04 03:03:26,75.49,1
2021-10-04 03:03:31,75.5,2
2021-10-04 03:03:36,75.49,4
2021-10-04 03:03:37,75.5,1
2021-10-04 03:03:40,75.5,1
2021-10-04 03:03:40,75.49,1
2021-10-04 03:03:46,75.5,2
2021-10-04 03:03:49,75.5,1
2021-10-04 03:03:53,75.5,2
2021-10-04 03:03:57,75.52,1
2021-10-04 03:04:01,75.52,1
2021-10-04 03:04:03,75.52,1
2021-10-04 03:04:04,75.52,1
2021-10-04 03:04:09,75.51,2
2021-10-04 03:04:11,75.5,2
2021-10-04 03:04:11,75.51,2
2021-10-04 03:04:12,75.5,2
2021-10-04 03:04:18,75.5,1
2021-10-04 03:04:31,75.52,4
2021-10-04 03:04:33,75.52,1
2021-10-04 03:04:35,75.53,5
2021-10-04 03:04:35,75.54,1
2021-10-04 03:04:35,75.53,1
2021-10-04 03:04:37,75.53,2
2021-10-04 03:04:59,75.51,1
2021-10-04 03:05:09,75.52,2
2021-10-04 03:05:13,75.52,5
2021-10-04 03:05:13,75.53,1
2021-10-04 03:05:16,75.55,7
2021-10-04 03:05:16,75.56,6
2021-10-04 03:05:17,75.55,2
2021-10-04 03:05:20,75.54,5
2021-10-04 03:05:30,75.55,10
2021-10-04 03:05:31,75.55,4
2021-10-04 03:05:32,75.55,5
2021-10-04 03:05:33,75.55,2
2021-10-04 03:05:35,75.54,4
2021-10-04 03:05:35,75.53,15
2021-10-04 03:05:44,75.54,1
2021-10-04 03:05:46,75.53,2
2021-10-04 03:05:47,75.53,1
2021-10-04 03:06:00,75.51,1
2021-10-04 03:06:00,75.5,1
2021-10-04 03:06:01,75.48,1
2021-10-04 03:06:05,75.48,1
2021-10-04 03:06:09,75.48,1
2021-10-04 03:06:41,75.46,2
2021-10-04 03:06:50,75.46,1
2021-10-04 03:07:01,75.45,1
2021-10-04 03:07:01,75.44,7
2021-10-04 03:07:01,75.43,1
2021-10-04 03:07:01,75.44,1
2021-10-04 03:07:04,75.45,1
2021-10-04 03:07:09,75.44,1
2021-10-04 03:07:12,75.44,1
2021-10-04 03:07:12,75.43,1
2021-10-04 03:07:24,75.46,2
2021-10-04 03:07:39,75.47,2
2021-10-04 03:07:41,75.48,1
2021-10-04 03:07:44,75.48,2
2021-10-04 03:07:44,75.47,4
2021-10-04 03:07:44,75.46,4
2021-10-04 03:07:45,75.47,9
2021-10-04 03:07:46,75.46,4
2021-10-04 03:07:56,75.46,3
2021-10-04 03:07:57,75.45,1
2021-10-04 03:08:16,75.45,1
2021-10-04 03:08:25,75.44,1
2021-10-04 03:08:41,75.43,2
2021-10-04 03:08:42,75.43,2
2021-10-04 03:08:48,75.45,1
2021-10-04 03:09:10,75.45,1
2021-10-04 03:09:21,75.45,1
2021-10-04 03:09:26,75.46,1
2021-10-04 03:09:51,75.5,1
2021-10-04 03:10:01,75.5,4
2021-10-04 03:10:07,75.49,1
2021-10-04 03:10:30,75.51,1
2021-10-04 03:10:36,75.5,5
2021-10-04 03:10:40,75.49,1
2021-10-04 03:10:47,75.46,4
2021-10-04 03:10:49,75.46,2
2021-10-04 03:11:28,75.46,3
2021-10-04 03:11:53,75.51,2
2021-10-04 03:11:53,75.52,4
2021-10-04 03:11:56,75.52,1
2021-10-04 03:11:59,75.51,4
2021-10-04 03:12:01,75.5,1
2021-10-04 03:12:01,75.52,3
2021-10-04 03:12:02,75.52,4
2021-10-04 03:12:15,75.51,1
2021-10-04 03:12:17,75.52,2
2021-10-04 03:12:23,75.53,1
2021-10-04 03:12:23,75.54,1
2021-10-04 03:12:27,75.52,6
2021-10-04 03:12:27,75.51,4
2021-10-04 03:12:54,75.49,1
2021-10-04 03:13:22,75.5,1
2021-10-04 03:13:22,75.49,5
2021-10-04 03:13:29,75.49,6
2021-10-04 03:13:37,75.46,1
2021-10-04 03:13:43,75.46,1
2021-10-04 03:14:11,75.46,1
2021-10-04 03:14:58,75.49,1
2021-10-04 03:16:07,75.47,3
2021-10-04 03:16:09,75.48,1
2021-10-04 03:16:22,75.47,1
2021-10-04 03:16:42,75.47,2
2021-10-04 03:17:01,75.47,1
2021-10-04 03:17:04,75.45,3
2021-10-04 03:17:08,75.44,1
2021-10-04 03:17:11,75.43,1
2021-10-04 03:17:11,75.42,1
2021-10-04 03:17:15,75.42,3
2021-10-04 03:17:17,75.41,1
2021-10-04 03:17:18,75.41,1
2021-10-04 03:17:19,75.42,1
2021-10-04 03:17:21,75.41,1
2021-10-04 03:17:23,75.41,3
2021-10-04 03:17:23,75.4,7
2021-10-04 03:17:25,75.41,5
2021-10-04 03:17:25,75.4,3
2021-10-04 03:17:44,75.42,4
2021-10-04 03:18:09,75.42,4
2021-10-04 03:18:10,75.42,2
2021-10-04 03:18:17,75.43,7
2021-10-04 03:18:29,75.43,1
2021-10-04 03:18:31,75.44,1
2021-10-04 03:18:40,75.45,2
2021-10-04 03:18:52,75.43,4
2021-10-04 03:18:56,75.42,2
2021-10-04 03:19:00,75.43,2
2021-10-04 03:19:52,75.44,1
2021-10-04 03:20:27,75.48,1
2021-10-04 03:20:27,75.47,2
2021-10-04 03:20:35,75.46,2
2021-10-04 03:20:41,75.45,6
2021-10-04 03:21:24,75.48,2
2021-10-04 03:21:26,75.49,3
2021-10-04 03:21:50,75.49,1
2021-10-04 03:21:57,75.49,1
2021-10-04 03:22:13,75.48,6
2021-10-04 03:22:39,75.45,3
2021-10-04 03:22:59,75.43,1
2021-10-04 03:23:23,75.42,1
2021-10-04 03:23:24,75.42,1
2021-10-04 03:23:26,75.42,1
2021-10-04 03:23:32,75.42,2
2021-10-04 03:23:37,75.41,3
2021-10-04 03:23:53,75.41,1
2021-10-04 03:24:14,75.42,1
2021-10-04 03:24:26,75.41,1
2021-10-04 03:25:16,75.41,1
2021-10-04 03:25:17,75.4,2
2021-10-04 03:25:21,75.39,1
2021-10-04 03:25:21,75.38,4
2021-10-04 03:25:34,75.38,4
2021-10-04 03:25:34,75.39,3
2021-10-04 03:25:42,75.38,1
2021-10-04 03:25:45,75.39,5
2021-10-04 03:25:47,75.38,5
2021-10-04 03:25:50,75.38,1
2021-10-04 03:26:00,75.37,3
2021-10-04 03:26:03,75.36,4
2021-10-04 03:26:03,75.37,1
2021-10-04 03:26:03,75.36,2
2021-10-04 03:26:03,75.35,7
2021-10-04 03:26:08,75.37,1
2021-10-04 03:26:14,75.37,1
2021-10-04 03:26:40,75.38,3
2021-10-04 03:26:44,75.39,2
2021-10-04 03:26:44,75.4,3
2021-10-04 03:26:56,75.38,1
2021-10-04 03:26:56,75.37,1
2021-10-04 03:26:58,75.36,1
2021-10-04 03:27:00,75.37,2
2021-10-04 03:27:16,75.37,2
2021-10-04 03:27:35,75.37,4
2021-10-04 03:27:37,75.37,8
2021-10-04 03:27:49,75.37,4
2021-10-04 03:28:09,75.38,1
2021-10-04 03:28:20,75.39,2
2021-10-04 03:28:21,75.38,1
2021-10-04 03:28:37,75.4,3
2021-10-04 03:28:49,75.39,1
2021-10-04 03:29:09,75.4,3
2021-10-04 03:29:38,75.38,1
2021-10-04 03:29:47,75.38,2
2021-10-04 03:29:54,75.39,4
2021-10-04 03:30:00,75.38,6
2021-10-04 03:30:00,75.39,1
2021-10-04 03:30:01,75.39,2
2021-10-04 03:30:02,75.39,6
2021-10-04 03:30:14,75.37,7
2021-10-04 03:30:16,75.37,2
2021-10-04 03:30:19,75.35,1
2021-10-04 03:30:21,75.35,1
2021-10-04 03:30:26,75.34,2
2021-10-04 03:30:30,75.34,1
2021-10-04 03:30:33,75.34,4
2021-10-04 03:30:41,75.34,1
2021-10-04 03:30:42,75.34,1
2021-10-04 03:30:45,75.33,5
2021-10-04 03:30:45,75.32,1
2021-10-04 03:30:46,75.34,1
2021-10-04 03:30:46,75.33,1
2021-10-04 03:30:47,75.33,1
2021-10-04 03:30:57,75.34,2
2021-10-04 03:31:02,75.35,1
2021-10-04 03:31:16,75.34,1
2021-10-04 03:31:17,75.33,9
2021-10-04 03:31:17,75.34,3
2021-10-04 03:31:22,75.35,2
2021-10-04 03:31:28,75.35,1
2021-10-04 03:31:30,75.35,1
2021-10-04 03:32:04,75.39,2
2021-10-04 03:32:09,75.38,4
2021-10-04 03:32:10,75.38,4
2021-10-04 03:32:15,75.38,4
2021-10-04 03:32:24,75.37,3
2021-10-04 03:32:27,75.36,1
2021-10-04 03:32:38,75.36,5
2021-10-04 03:32:38,75.35,5
2021-10-04 03:32:44,75.37,2
2021-10-04 03:32:53,75.37,2
2021-10-04 03:32:53,75.36,2
2021-10-04 03:33:00,75.39,2
2021-10-04 03:33:09,75.39,6
2021-10-04 03:33:18,75.39,1
2021-10-04 03:33:30,75.37,1
2021-10-04 03:33:31,75.38,1
2021-10-04 03:34:27,75.39,1
2021-10-04 03:34:33,75.4,6
2021-10-04 03:34:33,75.41,6
2021-10-04 03:34:33,75.39,7
2021-10-04 03:34:33,75.4,2
2021-10-04 03:34:38,75.38,4
2021-10-04 03:34:38,75.37,6
2021-10-04 03:34:57,75.38,1
2021-10-04 03:35:15,75.38,1
2021-10-04 03:35:24,75.38,5
2021-10-04 03:35:27,75.39,6
2021-10-04 03:35:35,75.39,1
2021-10-04 03:35:37,75.39,1
2021-10-04 03:35:38,75.38,4
2021-10-04 03:35:38,75.37,6
2021-10-04 03:36:04,75.37,1
2021-10-04 03:36:04,75.36,3
2021-10-04 03:36:04,75.35,2
2021-10-04 03:36:10,75.35,1
2021-10-04 03:36:24,75.39,2
2021-10-04 03:36:24,75.4,2
2021-10-04 03:36:24,75.41,1
2021-10-04 03:36:40,75.4,1
2021-10-04 03:36:50,75.4,2
2021-10-04 03:36:53,75.42,1
2021-10-04 03:36:53,75.43,3
2021-10-04 03:36:56,75.42,1
2021-10-04 03:37:01,75.43,1
2021-10-04 03:37:03,75.43,3
2021-10-04 03:37:13,75.4,5
2021-10-04 03:37:13,75.39,5
2021-10-04 03:38:01,75.41,2
2021-10-04 03:38:11,75.42,7
2021-10-04 03:38:21,75.42,2
2021-10-04 03:38:29,75.43,1
2021-10-04 03:38:39,75.42,5
2021-10-04 03:38:42,75.43,1
2021-10-04 03:38:43,75.43,2
2021-10-04 03:38:43,75.42,2
2021-10-04 03:38:58,75.44,1
2021-10-04 03:39:00,75.44,5
2021-10-04 03:39:13,75.44,8
2021-10-04 03:39:14,75.43,1
2021-10-04 03:39:25,75.44,6
2021-10-04 03:39:36,75.45,5
2021-10-04 03:39:39,75.47,5
2021-10-04 03:40:03,75.44,2
2021-10-04 03:40:13,75.42,5
2021-10-04 03:40:16,75.42,1
2021-10-04 03:40:24,75.4,1
2021-10-04 03:43:06,75.41,2
2021-10-04 03:43:15,75.42,1
2021-10-04 03:43:26,75.42,6
2021-10-04 03:43:57,75.42,5
2021-10-04 03:44:34,75.41,2
2021-10-04 03:44:34,75.4,2
2021-10-04 03:44:34,75.39,4
2021-10-04 03:45:19,75.39,2
2021-10-04 03:45:20,75.38,4
2021-10-04 03:45:57,75.36,1
2021-10-04 03:46:07,75.39,3
2021-10-04 03:46:26,75.4,8
2021-10-04 03:46:42,75.41,2
2021-10-04 03:46:42,75.4,2
2021-10-04 03:46:44,75.41,2
2021-10-04 03:47:40,75.44,1
2021-10-04 03:47:55,75.44,2
2021-10-04 03:48:03,75.46,2
2021-10-04 03:48:03,75.47,9
2021-10-04 03:48:06,75.47,1
2021-10-04 03:48:08,75.47,2
2021-10-04 03:48:08,75.48,2
2021-10-04 03:48:11,75.49,1
2021-10-04 03:48:13,75.49,9
2021-10-04 03:48:15,75.5,6
2021-10-04 03:48:18,75.5,1
2021-10-04 03:48:34,75.48,1
2021-10-04 03:48:46,75.48,1
2021-10-04 03:48:55,75.47,1
2021-10-04 03:49:18,75.47,1
2021-10-04 03:49:26,75.48,2
2021-10-04 03:49:26,75.47,4
2021-10-04 03:49:27,75.47,2
2021-10-04 03:49:39,75.5,2
2021-10-04 03:49:45,75.51,2
2021-10-04 03:49:52,75.5,1
2021-10-04 03:50:11,75.5,1
2021-10-04 03:50:22,75.48,1
2021-10-04 03:50:23,75.47,2
2021-10-04 03:50:29,75.47,2
2021-10-04 03:50:29,75.48,3
2021-10-04 03:50:39,75.47,2
2021-10-04 03:50:41,75.47,1
2021-10-04 03:51:00,75.47,6
2021-10-04 03:51:21,75.49,1
2021-10-04 03:51:47,75.51,1
2021-10-04 03:51:51,75.5,1
2021-10-04 03:51:51,75.49,1
2021-10-04 03:51:52,75.49,1
2021-10-04 03:51:56,75.49,1
2021-10-04 03:51:58,75.48,1
2021-10-04 03:51:58,75.47,1
2021-10-04 03:52:06,75.47,12
2021-10-04 03:52:17,75.48,1
2021-10-04 03:52:22,75.47,1
2021-10-04 03:52:25,75.47,3
2021-10-04 03:52:49,75.47,1
2021-10-04 03:52:51,75.47,2
2021-10-04 03:53:02,75.51,3
2021-10-04 03:53:02,75.53,8
2021-10-04 03:53:02,75.54,6
2021-10-04 03:53:02,75.55,9
2021-10-04 03:53:02,75.56,4
2021-10-04 03:53:02,75.57,2
2021-10-04 03:53:02,75.55,1
2021-10-04 03:53:02,75.56,2
2021-10-04 03:53:02,75.57,3
2021-10-04 03:53:02,75.58,9
2021-10-04 03:53:02,75.59,6
2021-10-04 03:53:02,75.6,12
2021-10-04 03:53:02,75.61,9
2021-10-04 03:53:02,75.62,19
2021-10-04 03:53:02,75.63,4
2021-10-04 03:53:02,75.64,2
2021-10-04 03:53:02,75.65,3
2021-10-04 03:53:02,75.64,2
2021-10-04 03:53:02,75.65,3
2021-10-04 03:53:02,75.66,4
2021-10-04 03:53:02,75.64,1
2021-10-04 03:53:02,75.66,3
2021-10-04 03:53:02,75.62,1
2021-10-04 03:53:02,75.6,3
2021-10-04 03:53:02,75.62,5
2021-10-04 03:53:02,75.63,1
2021-10-04 03:53:03,75.6,3
2021-10-04 03:53:04,75.64,2
2021-10-04 03:53:04,75.6,4
2021-10-04 03:53:04,75.61,6
2021-10-04 03:53:06,75.61,3
2021-10-04 03:53:08,75.61,1
2021-10-04 03:53:15,75.6,2
2021-10-04 03:53:15,75.62,6
2021-10-04 03:53:15,75.63,1
2021-10-04 03:53:16,75.64,2
2021-10-04 03:53:17,75.64,2
2021-10-04 03:53:18,75.64,5
2021-10-04 03:53:18,75.63,9
2021-10-04 03:53:18,75.62,21
2021-10-04 03:53:18,75.61,7
2021-10-04 03:53:18,75.63,4
2021-10-04 03:53:18,75.64,5
2021-10-04 03:53:19,75.63,1
2021-10-04 03:53:22,75.64,1
2021-10-04 03:53:24,75.61,2
2021-10-04 03:53:25,75.61,2
2021-10-04 03:53:26,75.6,2
2021-10-04 03:53:28,75.6,1
2021-10-04 03:53:29,75.6,7
2021-10-04 03:53:31,75.6,4
2021-10-04 03:53:33,75.62,1
2021-10-04 03:53:34,75.65,2
2021-10-04 03:53:36,75.65,1
2021-10-04 03:53:37,75.66,1
2021-10-04 03:53:39,75.65,2
2021-10-04 03:53:40,75.66,1
2021-10-04 03:53:40,75.65,1
2021-10-04 03:53:42,75.64,1
2021-10-04 03:53:43,75.63,4
2021-10-04 03:53:45,75.62,1
2021-10-04 03:53:45,75.61,8
2021-10-04 03:53:45,75.6,1
2021-10-04 03:53:45,75.61,1
2021-10-04 03:53:47,75.62,2
2021-10-04 03:53:48,75.64,4
2021-10-04 03:53:49,75.65,10
2021-10-04 03:53:49,75.66,5
2021-10-04 03:53:50,75.65,1
2021-10-04 03:53:50,75.64,5
2021-10-04 03:53:53,75.63,2
2021-10-04 03:53:53,75.64,1
2021-10-04 03:53:58,75.65,4
2021-10-04 03:53:58,75.64,2
2021-10-04 03:53:59,75.64,1
2021-10-04 03:54:00,75.64,1
2021-10-04 03:54:05,75.66,7
2021-10-04 03:54:05,75.67,2
2021-10-04 03:54:05,75.68,1
2021-10-04 03:54:05,75.69,1
2021-10-04 03:54:07,75.69,3
2021-10-04 03:54:07,75.7,1
2021-10-04 03:54:07,75.71,7
2021-10-04 03:54:08,75.71,2
2021-10-04 03:54:08,75.72,2
2021-10-04 03:54:08,75.71,1
2021-10-04 03:54:12,75.7,1
2021-10-04 03:54:12,75.71,1
2021-10-04 03:54:13,75.71,2
2021-10-04 03:54:13,75.72,5
2021-10-04 03:54:16,75.73,2
2021-10-04 03:54:16,75.74,7
2021-10-04 03:54:17,75.73,3
2021-10-04 03:54:18,75.72,2
2021-10-04 03:54:20,75.71,1
2021-10-04 03:54:23,75.7,1
2021-10-04 03:54:24,75.71,2
2021-10-04 03:54:27,75.72,6
2021-10-04 03:54:27,75.71,1
2021-10-04 03:54:30,75.72,14
2021-10-04 03:54:30,75.71,2
2021-10-04 03:54:33,75.71,1
2021-10-04 03:54:39,75.74,3
2021-10-04 03:54:42,75.69,1
2021-10-04 03:54:43,75.68,2
2021-10-04 03:54:43,75.67,2
2021-10-04 03:54:44,75.67,1
2021-10-04 03:54:49,75.71,1
2021-10-04 03:54:57,75.71,4
2021-10-04 03:54:57,75.72,2
2021-10-04 03:55:03,75.72,1
2021-10-04 03:55:03,75.73,1
2021-10-04 03:55:03,75.74,2
2021-10-04 03:55:08,75.73,2
2021-10-04 03:55:11,75.71,1
2021-10-04 03:55:12,75.7,2
2021-10-04 03:55:17,75.74,5
2021-10-04 03:55:18,75.74,2
2021-10-04 03:55:19,75.75,5
2021-10-04 03:55:19,75.76,1
2021-10-04 03:55:26,75.76,2
2021-10-04 03:55:28,75.75,1
2021-10-04 03:55:40,75.72,1
2021-10-04 03:55:54,75.7,2
2021-10-04 03:55:55,75.7,1
2021-10-04 03:55:59,75.67,1
2021-10-04 03:55:59,75.66,2
2021-10-04 03:56:00,75.65,1
2021-10-04 03:56:00,75.64,9
2021-10-04 03:56:00,75.63,4
2021-10-04 03:56:04,75.65,1
2021-10-04 03:56:07,75.67,1
2021-10-04 03:56:10,75.66,2
2021-10-04 03:56:18,75.66,2
2021-10-04 03:56:28,75.66,1
2021-10-04 03:56:32,75.67,1
2021-10-04 03:56:35,75.65,1
2021-10-04 03:56:35,75.64,3
2021-10-04 03:56:37,75.63,3
2021-10-04 03:56:37,75.62,10
2021-10-04 03:56:37,75.61,7
2021-10-04 03:56:37,75.62,1
2021-10-04 03:56:37,75.61,1
2021-10-04 03:56:37,75.62,3
2021-10-04 03:56:37,75.61,5
2021-10-04 03:56:37,75.6,1
2021-10-04 03:56:38,75.61,2
2021-10-04 03:56:41,75.62,2
2021-10-04 03:56:43,75.63,5
2021-10-04 03:56:46,75.65,2
2021-10-04 03:56:49,75.65,1
2021-10-04 03:57:04,75.68,2
2021-10-04 03:57:11,75.7,2
2021-10-04 03:57:13,75.71,2
2021-10-04 03:57:18,75.7,6
2021-10-04 03:57:18,75.69,2
2021-10-04 03:57:24,75.69,1
2021-10-04 03:57:36,75.71,2
2021-10-04 03:57:41,75.7,2
2021-10-04 03:57:44,75.7,1
2021-10-04 03:57:49,75.69,2
2021-10-04 03:58:03,75.7,1
2021-10-04 03:58:06,75.71,2
2021-10-04 03:58:06,75.72,4
2021-10-04 03:58:14,75.7,2
2021-10-04 03:58:14,75.71,4
2021-10-04 03:58:16,75.74,1
2021-10-04 03:58:17,75.75,4
2021-10-04 03:58:17,75.76,2
2021-10-04 03:58:18,75.77,1
2021-10-04 03:58:19,75.76,1
2021-10-04 03:58:36,75.75,7
2021-10-04 03:58:40,75.75,3
2021-10-04 03:58:44,75.76,4
2021-10-04 03:58:49,75.76,5
2021-10-04 03:58:49,75.77,9
2021-10-04 03:58:50,75.78,4
2021-10-04 03:58:50,75.79,2
2021-10-04 03:58:54,75.79,1
2021-10-04 03:58:58,75.78,1
2021-10-04 03:59:00,75.78,4
2021-10-04 03:59:02,75.78,1
2021-10-04 03:59:05,75.79,1
2021-10-04 03:59:05,75.8,9
2021-10-04 03:59:06,75.8,4
2021-10-04 03:59:06,75.81,2
2021-10-04 03:59:10,75.78,5
2021-10-04 03:59:14,75.77,3
2021-10-04 03:59:21,75.78,4
2021-10-04 03:59:25,75.79,2
2021-10-04 03:59:30,75.79,1
2021-10-04 03:59:45,75.78,4
2021-10-04 03:59:55,75.8,9
2021-10-04 03:59:59,75.81,1
2021-10-04 04:00:02,75.81,6
2021-10-04 04:00:03,75.81,1
2021-10-04 04:00:04,75.8,5
2021-10-04 04:00:08,75.8,3
2021-10-04 04:00:09,75.81,1
2021-10-04 04:00:10,75.82,7
2021-10-04 04:00:10,75.83,16
2021-10-04 04:00:10,75.84,4
2021-10-04 04:00:11,75.84,1
2021-10-04 04:00:11,75.85,16
2021-10-04 04:00:11,75.86,1
2021-10-04 04:00:11,75.87,5
2021-10-04 04:00:12,75.87,1
2021-10-04 04:00:12,75.86,1
2021-10-04 04:00:13,75.87,2
2021-10-04 04:00:14,75.86,1
2021-10-04 04:00:16,75.87,3
2021-10-04 04:00:17,75.87,2
2021-10-04 04:00:17,75.86,6
2021-10-04 04:00:18,75.86,1
2021-10-04 04:00:20,75.85,1
2021-10-04 04:00:21,75.86,1
2021-10-04 04:00:21,75.87,8
2021-10-04 04:00:21,75.88,2
2021-10-04 04:00:21,75.89,1
2021-10-04 04:00:21,75.86,1
2021-10-04 04:00:21,75.87,8
2021-10-04 04:00:21,75.88,2
2021-10-04 04:00:21,75.89,1
2021-10-04 04:00:22,75.88,1
2021-10-04 04:00:24,75.86,1
2021-10-04 04:00:24,75.88,1
2021-10-04 04:00:25,75.89,1
2021-10-04 04:00:26,75.89,1
2021-10-04 04:00:26,75.88,1
2021-10-04 04:00:26,75.89,1
2021-10-04 04:00:28,75.9,7
2021-10-04 04:00:28,75.91,10
2021-10-04 04:00:28,75.9,1
2021-10-04 04:00:29,75.9,1
2021-10-04 04:00:29,75.91,5
2021-10-04 04:00:31,75.91,1
2021-10-04 04:00:33,75.93,6
2021-10-04 04:00:33,75.94,5
2021-10-04 04:00:33,75.92,5
2021-10-04 04:00:33,75.93,1
2021-10-04 04:00:33,75.94,1
2021-10-04 04:00:34,75.93,1
2021-10-04 04:00:34,75.94,2
2021-10-04 04:00:34,75.92,7
2021-10-04 04:00:35,75.93,1
2021-10-04 04:00:35,75.92,3
2021-10-04 04:00:35,75.93,1
2021-10-04 04:00:35,75.92,3
2021-10-04 04:00:35,75.91,7
2021-10-04 04:00:37,75.89,2
2021-10-04 04:00:40,75.89,1
2021-10-04 04:00:44,75.89,4
2021-10-04 04:00:48,75.89,4
2021-10-04 04:00:48,75.88,1
2021-10-04 04:00:50,75.88,1
2021-10-04 04:00:50,75.89,4
2021-10-04 04:01:00,75.89,7
2021-10-04 04:01:01,75.85,1
2021-10-04 04:01:02,75.85,2
2021-10-04 04:01:02,75.88,3
2021-10-04 04:01:03,75.88,3
2021-10-04 04:01:07,75.88,1
2021-10-04 04:01:18,75.88,1
2021-10-04 04:01:20,75.88,4
2021-10-04 04:01:25,75.88,6
2021-10-04 04:01:37,75.87,1
2021-10-04 04:01:44,75.88,3
2021-10-04 04:01:47,75.88,1
2021-10-04 04:01:59,75.88,1
2021-10-04 04:02:02,75.89,5
2021-10-04 04:02:02,75.9,1
2021-10-04 04:02:10,75.91,6
2021-10-04 04:02:11,75.9,1
2021-10-04 04:02:12,75.9,1
2021-10-04 04:02:22,75.89,1
2021-10-04 04:02:26,75.89,1
2021-10-04 04:02:32,75.89,6
2021-10-04 04:02:38,75.92,5
2021-10-04 04:02:39,75.93,2
2021-10-04 04:02:40,75.91,7
2021-10-04 04:02:40,75.9,1
2021-10-04 04:02:41,75.9,2
2021-10-04 04:02:44,75.92,2
2021-10-04 04:03:13,75.9,1
2021-10-04 04:03:15,75.89,2
2021-10-04 04:03:22,75.88,2
2021-10-04 04:03:22,75.89,5
2021-10-04 04:03:25,75.89,3
2021-10-04 04:03:25,75.88,2
2021-10-04 04:03:25,75.87,1
2021-10-04 04:03:29,75.86,4
2021-10-04 04:03:31,75.84,6
2021-10-04 04:03:33,75.85,2
2021-10-04 04:03:39,75.85,1
2021-10-04 04:03:42,75.85,5
2021-10-04 04:03:43,75.85,3
2021-10-04 04:03:46,75.85,3
2021-10-04 04:03:49,75.84,1
2021-10-04 04:03:50,75.85,9
2021-10-04 04:03:51,75.85,1
2021-10-04 04:03:56,75.84,9
2021-10-04 04:04:00,75.86,4
2021-10-04 04:04:03,75.87,1
2021-10-04 04:04:10,75.87,1
2021-10-04 04:04:10,75.88,1
2021-10-04 04:04:10,75.89,1
2021-10-04 04:04:12,75.9,5
2021-10-04 04:04:19,75.89,1
2021-10-04 04:04:22,75.88,3
2021-10-04 04:04:25,75.89,1
2021-10-04 04:04:28,75.89,3
2021-10-04 04:04:34,75.9,1
2021-10-04 04:04:39,75.88,1
2021-10-04 04:04:48,75.88,2
2021-10-04 04:04:54,75.89,1
2021-10-04 04:04:56,75.9,3
2021-10-04 04:04:56,75.91,10
2021-10-04 04:04:59,75.91,1
2021-10-04 04:05:09,75.91,1
2021-10-04 04:05:18,75.9,2
2021-10-04 04:05:29,75.89,3
2021-10-04 04:05:29,75.9,10
2021-10-04 04:05:37,75.9,5
2021-10-04 04:05:39,75.91,1
2021-10-04 04:05:39,75.92,29
2021-10-04 04:05:51,75.92,3
2021-10-04 04:05:52,75.92,3
2021-10-04 04:05:54,75.9,3
2021-10-04 04:05:57,75.9,2
2021-10-04 04:06:03,75.91,1
2021-10-04 04:06:06,75.9,2
2021-10-04 04:06:13,75.92,2
2021-10-04 04:06:15,75.92,7
2021-10-04 04:06:20,75.9,3
2021-10-04 04:06:26,75.9,8
2021-10-04 04:06:27,75.89,1
2021-10-04 04:06:29,75.88,1
2021-10-04 04:06:37,75.9,1
2021-10-04 04:06:41,75.89,1
2021-10-04 04:06:43,75.9,1
2021-10-04 04:06:49,75.89,1
2021-10-04 04:07:04,75.9,2
2021-10-04 04:07:10,75.9,4
2021-10-04 04:07:10,75.91,1
2021-10-04 04:07:15,75.89,12
2021-10-04 04:07:30,75.91,3
2021-10-04 04:07:31,75.92,6
2021-10-04 04:07:38,75.91,3
2021-10-04 04:07:46,75.91,1
2021-10-04 04:07:50,75.91,3
2021-10-04 04:07:57,75.91,2
2021-10-04 04:07:57,75.92,1
2021-10-04 04:08:00,75.92,1
2021-10-04 04:08:03,75.93,1
2021-10-04 04:08:03,75.94,4
2021-10-04 04:08:03,75.95,11
2021-10-04 04:08:04,75.93,3
2021-10-04 04:08:04,75.94,3
2021-10-04 04:08:04,75.93,1
2021-10-04 04:08:14,75.92,1
2021-10-04 04:08:19,75.92,2
2021-10-04 04:08:22,75.95,1
2021-10-04 04:08:22,75.96,3
2021-10-04 04:08:23,75.96,9
2021-10-04 04:08:23,75.97,14
2021-10-04 04:08:23,75.98,7
2021-10-04 04:08:23,75.97,1
2021-10-04 04:08:24,75.97,3
2021-10-04 04:08:25,75.98,1
2021-10-04 04:08:27,75.96,3
2021-10-04 04:08:27,75.95,1
2021-10-04 04:08:28,75.98,6
2021-10-04 04:08:30,75.96,1
2021-10-04 04:08:38,75.96,2
2021-10-04 04:08:40,75.96,1
2021-10-04 04:08:41,75.96,6
2021-10-04 04:08:42,75.96,1
2021-10-04 04:08:51,75.96,2
2021-10-04 04:08:55,75.95,7
2021-10-04 04:08:57,75.95,1
2021-10-04 04:08:58,75.95,1
2021-10-04 04:08:58,75.96,3
2021-10-04 04:09:01,75.95,4
2021-10-04 04:09:09,75.92,2
2021-10-04 04:09:15,75.93,2
2021-10-04 04:09:15,75.92,1
2021-10-04 04:09:31,75.91,2
2021-10-04 04:09:32,75.9,5
2021-10-04 04:09:39,75.93,2
2021-10-04 04:09:47,75.94,1
2021-10-04 04:09:55,75.93,6
2021-10-04 04:10:20,75.93,3
2021-10-04 04:10:24,75.94,3
2021-10-04 04:10:27,75.94,3
2021-10-04 04:10:28,75.95,3
2021-10-04 04:10:29,75.95,1
2021-10-04 04:10:31,75.95,1
2021-10-04 04:10:34,75.95,3
2021-10-04 04:10:40,75.95,1
2021-10-04 04:10:50,75.95,1
2021-10-04 04:11:01,75.93,4
2021-10-04 04:11:09,75.94,3
2021-10-04 04:11:09,75.93,1
2021-10-04 04:11:35,75.95,3
2021-10-04 04:11:42,75.95,5
2021-10-04 04:11:43,75.96,1
2021-10-04 04:11:49,75.95,4
2021-10-04 04:11:49,75.94,6
2021-10-04 04:11:52,75.95,4
2021-10-04 04:11:54,75.95,3
2021-10-04 04:11:56,75.95,3
2021-10-04 04:11:58,75.96,8
2021-10-04 04:12:05,75.97,3
2021-10-04 04:12:06,75.98,8
2021-10-04 04:12:21,75.98,2
2021-10-04 04:12:34,75.96,1
2021-10-04 04:12:39,75.96,1
2021-10-04 04:12:40,75.95,3
2021-10-04 04:12:40,75.94,9
2021-10-04 04:12:41,75.96,3
2021-10-04 04:12:47,75.94,3
2021-10-04 04:12:49,75.94,3
2021-10-04 04:12:50,75.94,1
2021-10-04 04:12:53,75.95,5
2021-10-04 04:12:56,75.96,3
2021-10-04 04:13:04,75.96,3
2021-10-04 04:13:04,75.95,3
2021-10-04 04:13:04,75.94,7
2021-10-04 04:13:21,75.96,1
2021-10-04 04:13:24,75.97,1
2021-10-04 04:13:26,75.96,2
2021-10-04 04:13:39,75.96,1
2021-10-04 04:13:54,75.95,1
2021-10-04 04:14:01,75.94,4
2021-10-04 04:14:03,75.94,2
2021-10-04 04:14:10,75.93,1
2021-10-04 04:14:23,75.94,2
2021-10-04 04:14:23,75.93,5
2021-10-04 04:14:25,75.94,4
2021-10-04 04:14:28,75.94,4
2021-10-04 04:14:37,75.93,5
2021-10-04 04:14:43,75.93,9
2021-10-04 04:14:43,75.92,1
2021-10-04 04:14:49,75.92,7
2021-10-04 04:14:50,75.93,1
2021-10-04 04:14:59,75.92,1
2021-10-04 04:14:59,75.91,2
2021-10-04 04:15:07,75.91,4
2021-10-04 04:15:12,75.91,1
2021-10-04 04:15:19,75.92,4
2021-10-04 04:15:19,75.93,5
2021-10-04 04:15:41,75.91,4
2021-10-04 04:15:42,75.91,3
2021-10-04 04:15:49,75.9,15
2021-10-04 04:15:49,75.92,6
2021-10-04 04:15:51,75.93,3
2021-10-04 04:15:52,75.92,2
2021-10-04 04:15:58,75.93,1
2021-10-04 04:15:59,75.93,3
2021-10-04 04:15:59,75.94,4
2021-10-04 04:16:01,75.94,4
2021-10-04 04:16:04,75.94,3
2021-10-04 04:16:07,75.94,4
2021-10-04 04:16:21,75.94,4
2021-10-04 04:16:24,75.95,5
2021-10-04 04:16:55,75.93,1
2021-10-04 04:17:00,75.94,1
2021-10-04 04:17:08,75.95,2
2021-10-04 04:17:30,75.96,1
2021-10-04 04:17:32,75.97,16
2021-10-04 04:17:45,75.95,3
2021-10-04 04:18:02,75.96,3
2021-10-04 04:18:07,75.94,1
2021-10-04 04:18:08,75.95,1
2021-10-04 04:18:10,75.95,2
2021-10-04 04:18:27,75.94,2
2021-10-04 04:18:33,75.95,3
2021-10-04 04:18:35,75.96,9
2021-10-04 04:18:46,75.98,4
2021-10-04 04:18:46,75.99,5
2021-10-04 04:18:46,75.98,3
2021-10-04 04:18:59,75.97,1
2021-10-04 04:19:02,75.97,1
2021-10-04 04:19:04,75.98,4
2021-10-04 04:19:11,75.98,6
2021-10-04 04:19:46,75.98,4
2021-10-04 04:19:46,75.97,2
2021-10-04 04:19:46,75.98,3
2021-10-04 04:19:51,75.99,6
2021-10-04 04:20:06,75.99,2
2021-10-04 04:20:07,76.0,15
2021-10-04 04:20:10,75.99,2
2021-10-04 04:20:14,75.98,1
2021-10-04 04:20:19,75.98,1
2021-10-04 04:20:20,75.99,3
2021-10-04 04:20:22,76.01,2
2021-10-04 04:20:22,76.02,1
2021-10-04 04:20:22,76.01,7
2021-10-04 04:20:26,76.01,1
2021-10-04 04:20:36,76.01,1
2021-10-04 04:20:39,76.01,1
2021-10-04 04:20:39,76.02,12
2021-10-04 04:20:42,76.0,1
2021-10-04 04:20:43,76.0,1
2021-10-04 04:20:50,76.0,2
2021-10-04 04:20:58,75.98,11
2021-10-04 04:21:53,75.95,2
2021-10-04 04:21:55,75.95,2
2021-10-04 04:22:03,75.94,1
2021-10-04 04:22:25,75.94,1
2021-10-04 04:22:32,75.94,3
2021-10-04 04:22:43,75.94,1
2021-10-04 04:22:54,75.93,7
2021-10-04 04:22:54,75.92,15
2021-10-04 04:23:03,75.93,1
2021-10-04 04:24:09,75.93,1
2021-10-04 04:24:27,75.95,2
2021-10-04 04:24:30,75.94,3
2021-10-04 04:24:30,75.93,2
2021-10-04 04:24:48,75.93,3
2021-10-04 04:24:57,75.92,1
2021-10-04 04:25:07,75.92,1
2021-10-04 04:25:28,75.91,4
2021-10-04 04:25:28,75.9,7
2021-10-04 04:25:55,75.9,3
2021-10-04 04:25:59,75.89,3
2021-10-04 04:25:59,75.88,1
2021-10-04 04:26:08,75.89,4
2021-10-04 04:26:09,75.9,4
2021-10-04 04:26:10,75.89,4
2021-10-04 04:26:15,75.9,1
2021-10-04 04:26:16,75.89,1
2021-10-04 04:26:23,75.88,6
2021-10-04 04:26:25,75.86,1
2021-10-04 04:26:25,75.85,8
2021-10-04 04:26:26,75.84,2
2021-10-04 04:26:26,75.85,1
2021-10-04 04:26:27,75.86,1
2021-10-04 04:26:32,75.86,4
2021-10-04 04:26:33,75.86,3
2021-10-04 04:26:35,75.86,2
2021-10-04 04:26:36,75.87,9
2021-10-04 04:26:43,75.87,5
2021-10-04 04:26:51,75.87,7
2021-10-04 04:26:54,75.86,1
2021-10-04 04:26:54,75.85,1
2021-10-04 04:26:54,75.86,3
2021-10-04 04:26:59,75.86,2
2021-10-04 04:27:02,75.86,1
2021-10-04 04:27:09,75.87,1
2021-10-04 04:27:09,75.88,1
2021-10-04 04:27:20,75.9,4
2021-10-04 04:27:21,75.9,2
2021-10-04 04:27:22,75.9,1
2021-10-04 04:27:31,75.91,1
2021-10-04 04:27:38,75.94,1
2021-10-04 04:27:41,75.93,1
2021-10-04 04:27:43,75.91,1
2021-10-04 04:27:43,75.92,5
2021-10-04 04:28:17,75.94,1
2021-10-04 04:28:21,75.95,4
2021-10-04 04:28:29,75.96,1
2021-10-04 04:28:35,75.94,6
2021-10-04 04:28:35,75.93,6
2021-10-04 04:28:39,75.94,3
2021-10-04 04:28:58,75.93,2
2021-10-04 04:28:58,75.94,33
2021-10-04 04:29:00,75.93,3
2021-10-04 04:29:14,75.91,3
2021-10-04 04:29:16,75.92,3
2021-10-04 04:29:19,75.9,1
2021-10-04 04:29:20,75.91,3
2021-10-04 04:29:24,75.9,2
2021-10-04 04:29:26,75.88,2
2021-10-04 04:29:29,75.91,6
2021-10-04 04:29:30,75.9,3
2021-10-04 04:29:33,75.9,7
2021-10-04 04:29:34,75.9,1
2021-10-04 04:29:36,75.89,2
2021-10-04 04:29:38,75.88,1
2021-10-04 04:29:43,75.88,3
2021-10-04 04:29:45,75.88,5
2021-10-04 04:30:09,75.85,2
2021-10-04 04:30:17,75.83,1
2021-10-04 04:30:17,75.82,4
2021-10-04 04:30:17,75.83,2
2021-10-04 04:30:17,75.82,1
2021-10-04 04:30:17,75.81,10
2021-10-04 04:30:23,75.85,5
2021-10-04 04:30:26,75.84,2
2021-10-04 04:30:28,75.83,3
2021-10-04 04:30:30,75.83,1
2021-10-04 04:30:33,75.83,1
