Date,Last,Volume
2021-10-03 18:00:01,75.95,1
2021-10-03 18:00:02,75.975,1
2021-10-03 18:00:03,76.0,4
2021-10-03 18:00:03,76.05,1
2021-10-03 18:00:03,76.075,1
2021-10-03 18:00:03,76.1,2
2021-10-03 18:00:03,76.075,1
2021-10-03 18:00:03,76.1,2
2021-10-03 18:00:05,76.0,1
2021-10-03 18:00:08,76.125,1
2021-10-03 18:00:08,76.15,2
2021-10-03 18:00:08,76.1,2
2021-10-03 18:00:08,76.15,6
2021-10-03 18:00:08,76.175,1
2021-10-03 18:00:08,76.1,2
2021-10-03 18:00:12,76.1,2
2021-10-03 18:00:12,76.075,2
2021-10-03 18:00:12,76.05,1
2021-10-03 18:00:12,76.025,1
2021-10-03 18:00:12,76.075,1
2021-10-03 18:00:12,76.05,1
2021-10-03 18:00:13,76.05,2
2021-10-03 18:00:15,76.0,2
2021-10-03 18:00:16,75.975,1
2021-10-03 18:00:16,76.0,3
2021-10-03 18:00:32,76.0,1
2021-10-03 18:00:37,76.0,1
2021-10-03 18:00:37,76.025,1
2021-10-03 18:00:41,76.0,1
2021-10-03 18:00:55,76.05,1
2021-10-03 18:01:17,76.05,1
2021-10-03 18:01:20,76.1,2
2021-10-03 18:01:37,76.1,1
2021-10-03 18:01:40,76.1,1
2021-10-03 18:02:05,76.1,1
2021-10-03 18:02:08,76.1,1
2021-10-03 18:02:19,76.1,1
2021-10-03 18:02:31,76.1,1
2021-10-03 18:02:49,76.075,1
2021-10-03 18:03:00,76.075,1
2021-10-03 18:03:05,76.1,1
2021-10-03 18:03:10,76.075,1
2021-10-03 18:03:14,76.075,1
2021-10-03 18:03:38,76.0,2
2021-10-03 18:03:38,75.975,1
2021-10-03 18:03:40,76.0,3
2021-10-03 18:03:49,75.975,2
2021-10-03 18:03:52,76.025,2
2021-10-03 18:03:53,76.025,1
2021-10-03 18:03:57,75.975,1
2021-10-03 18:04:03,76.025,2
2021-10-03 18:04:12,75.975,1
2021-10-03 18:04:15,75.975,1
2021-10-03 18:04:18,75.95,1
2021-10-03 18:04:25,75.975,1
2021-10-03 18:04:25,75.95,1
2021-10-03 18:04:26,75.95,1
2021-10-03 18:04:41,75.95,1
2021-10-03 18:04:41,75.925,1
2021-10-03 18:04:42,75.925,1
2021-10-03 18:04:45,75.95,1
2021-10-03 18:05:01,75.925,1
2021-10-03 18:05:02,75.95,1
2021-10-03 18:05:03,75.95,1
2021-10-03 18:05:20,75.925,1
2021-10-03 18:05:30,75.95,1
2021-10-03 18:05:34,76.0,2
2021-10-03 18:05:34,76.025,2
2021-10-03 18:05:50,76.05,1
2021-10-03 18:05:59,76.025,1
2021-10-03 18:06:09,76.025,1
2021-10-03 18:06:29,76.025,1
2021-10-03 18:06:35,76.025,1
2021-10-03 18:07:10,76.0,1
2021-10-03 18:07:41,76.0,1
2021-10-03 18:07:43,76.0,1
2021-10-03 18:08:54,76.0,1
2021-10-03 18:09:15,76.025,1
2021-10-03 18:09:48,76.025,1
2021-10-03 18:10:00,76.0,3
2021-10-03 18:10:01,75.975,1
2021-10-03 18:10:23,76.0,2
2021-10-03 18:10:38,76.025,2
2021-10-03 18:10:42,76.0,1
2021-10-03 18:11:10,76.0,1
2021-10-03 18:12:15,75.975,1
2021-10-03 18:12:48,75.95,1
2021-10-03 18:12:50,75.95,1
2021-10-03 18:14:01,75.95,2
2021-10-03 18:14:16,75.925,1
2021-10-03 18:15:07,75.925,1
2021-10-03 18:15:08,75.9,1
2021-10-03 18:15:09,75.925,2
2021-10-03 18:15:37,75.925,1
2021-10-03 18:16:02,75.9,1
2021-10-03 18:16:20,75.9,1
2021-10-03 18:16:34,75.925,1
2021-10-03 18:17:05,75.925,1
2021-10-03 18:17:08,75.925,1
2021-10-03 18:17:13,75.925,1
2021-10-03 18:17:18,75.925,1
2021-10-03 18:18:12,75.925,1
2021-10-03 18:18:21,75.925,2
2021-10-03 18:19:08,75.925,1
2021-10-03 18:19:22,75.925,1
2021-10-03 18:20:18,75.925,1
2021-10-03 18:20:35,75.925,1
2021-10-03 18:20:50,75.925,2
2021-10-03 18:20:58,75.95,2
2021-10-03 18:20:59,75.925,1
2021-10-03 18:21:18,75.925,1
2021-10-03 18:22:00,75.95,1
2021-10-03 18:22:04,75.95,4
2021-10-03 18:22:30,75.95,1
2021-10-03 18:23:00,75.95,2
2021-10-03 18:23:01,75.95,1
2021-10-03 18:23:07,75.975,2
2021-10-03 18:23:20,75.975,2
2021-10-03 18:25:08,75.95,1
2021-10-03 18:25:36,75.95,1
2021-10-03 18:26:19,75.975,1
2021-10-03 18:28:47,76.0,1
2021-10-03 18:28:58,76.0,7
2021-10-03 18:29:21,76.0,1
2021-10-03 18:29:23,76.0,1
2021-10-03 18:29:45,76.0,1
2021-10-03 18:30:16,76.0,1
2021-10-03 18:30:20,76.0,4
2021-10-03 18:30:21,76.025,1
2021-10-03 18:30:22,76.025,1
2021-10-03 18:30:52,76.0,1
2021-10-03 18:30:56,76.025,3
2021-10-03 18:31:48,76.025,4
2021-10-03 18:31:49,76.025,1
2021-10-03 18:32:29,76.05,1
2021-10-03 18:32:31,76.025,1
2021-10-03 18:33:46,76.025,1
2021-10-03 18:35:56,76.025,1
2021-10-03 18:36:30,76.05,1
2021-10-03 18:36:50,76.05,1
2021-10-03 18:37:00,76.025,1
2021-10-03 18:37:04,76.025,1
2021-10-03 18:37:16,76.025,1
2021-10-03 18:37:55,76.025,2
2021-10-03 18:37:59,76.025,2
2021-10-03 18:39:41,76.025,1
2021-10-03 18:40:01,76.0,1
2021-10-03 18:40:18,76.0,1
2021-10-03 18:40:31,76.0,5
2021-10-03 18:41:04,76.025,1
2021-10-03 18:41:20,76.0,1
2021-10-03 18:42:26,75.975,2
2021-10-03 18:42:29,75.975,1
2021-10-03 18:43:21,75.975,2
2021-10-03 18:43:40,75.975,1
2021-10-03 18:45:02,76.0,2
2021-10-03 18:45:09,76.0,1
2021-10-03 18:45:42,76.0,1
2021-10-03 18:46:21,75.975,2
2021-10-03 18:46:26,75.975,1
2021-10-03 18:46:36,75.975,1
2021-10-03 18:46:40,75.975,1
2021-10-03 18:47:13,75.975,2
2021-10-03 18:47:36,76.0,1
2021-10-03 18:47:52,76.0,1
2021-10-03 18:47:56,76.0,3
2021-10-03 18:48:07,75.975,1
2021-10-03 18:48:08,75.975,2
2021-10-03 18:48:51,75.975,2
2021-10-03 18:50:00,75.975,2
2021-10-03 18:51:16,75.975,1
2021-10-03 18:51:23,76.0,1
2021-10-03 18:52:13,76.0,1
2021-10-03 18:53:34,76.025,1
2021-10-03 18:53:40,76.025,1
2021-10-03 18:54:29,76.0,4
2021-10-03 18:54:42,75.975,1
2021-10-03 18:55:05,75.95,3
2021-10-03 18:55:06,75.925,1
2021-10-03 18:55:15,75.925,1
2021-10-03 18:55:34,75.9,2
2021-10-03 18:55:46,75.9,1
2021-10-03 18:55:59,75.9,1
2021-10-03 18:56:39,75.875,2
2021-10-03 18:56:46,75.875,2
2021-10-03 18:56:55,75.9,1
2021-10-03 18:57:46,75.875,6
2021-10-03 18:57:52,75.875,1
2021-10-03 18:57:54,75.875,1
2021-10-03 18:58:28,75.875,1
2021-10-03 18:59:40,75.875,1
2021-10-03 18:59:53,75.875,1
2021-10-03 19:00:00,75.9,2
2021-10-03 19:00:06,75.875,1
2021-10-03 19:00:58,75.85,1
2021-10-03 19:00:58,75.825,1
2021-10-03 19:01:11,75.85,1
2021-10-03 19:01:30,75.85,1
2021-10-03 19:01:34,75.85,1
2021-10-03 19:01:43,75.85,1
2021-10-03 19:01:56,75.825,1
2021-10-03 19:03:32,75.825,1
2021-10-03 19:05:30,75.825,2
2021-10-03 19:06:23,75.85,1
2021-10-03 19:08:28,75.85,1
2021-10-03 19:08:39,75.85,1
2021-10-03 19:08:42,75.85,2
2021-10-03 19:09:03,75.875,1
2021-10-03 19:09:30,75.875,1
2021-10-03 19:09:33,75.875,2
2021-10-03 19:10:34,75.875,5
2021-10-03 19:10:52,75.875,3
2021-10-03 19:11:01,75.85,1
2021-10-03 19:11:17,75.85,1
2021-10-03 19:12:04,75.85,1
2021-10-03 19:14:20,75.85,1
2021-10-03 19:15:25,75.875,1
2021-10-03 19:15:36,75.85,10
2021-10-03 19:16:11,75.825,1
2021-10-03 19:16:55,75.825,1
2021-10-03 19:17:05,75.825,2
2021-10-03 19:19:43,75.825,2
2021-10-03 19:20:35,75.8,1
2021-10-03 19:20:48,75.8,1
2021-10-03 19:21:40,75.775,1
2021-10-03 19:21:51,75.775,2
2021-10-03 19:21:55,75.8,1
2021-10-03 19:22:11,75.8,1
2021-10-03 19:23:11,75.8,1
2021-10-03 19:23:32,75.8,1
2021-10-03 19:23:42,75.8,1
2021-10-03 19:23:50,75.775,2
2021-10-03 19:26:03,75.775,2
2021-10-03 19:26:08,75.75,7
2021-10-03 19:26:20,75.75,1
2021-10-03 19:26:28,75.75,1
2021-10-03 19:28:03,75.75,3
2021-10-03 19:28:08,75.75,1
2021-10-03 19:28:14,75.75,5
2021-10-03 19:30:07,75.8,1
2021-10-03 19:30:37,75.8,4
2021-10-03 19:30:49,75.8,1
2021-10-03 19:34:52,75.8,2
2021-10-03 19:35:04,75.825,3
2021-10-03 19:36:35,75.825,1
2021-10-03 19:36:36,75.825,1
2021-10-03 19:38:40,75.85,1
2021-10-03 19:38:41,75.85,1
2021-10-03 19:39:57,75.825,4
2021-10-03 19:41:01,75.8,1
2021-10-03 19:43:42,75.825,1
2021-10-03 19:43:47,75.825,1
2021-10-03 19:43:58,75.825,1
2021-10-03 19:44:45,75.825,1
2021-10-03 19:45:08,75.8,1
2021-10-03 19:45:18,75.8,1
2021-10-03 19:45:38,75.8,1
2021-10-03 19:45:49,75.8,1
2021-10-03 19:47:19,75.8,1
2021-10-03 19:48:34,75.8,2
2021-10-03 19:48:45,75.825,1
2021-10-03 19:55:27,75.8,1
2021-10-03 19:55:29,75.8,1
2021-10-03 19:55:29,75.825,5
2021-10-03 19:55:53,75.825,1
2021-10-03 19:56:38,75.85,2
2021-10-03 19:56:50,75.85,1
2021-10-03 19:58:45,75.85,1
2021-10-03 19:58:52,75.85,1
2021-10-03 19:59:00,75.825,1
2021-10-03 19:59:06,75.85,1
2021-10-03 20:00:00,75.85,6
2021-10-03 20:00:13,75.875,2
2021-10-03 20:00:13,75.9,2
2021-10-03 20:00:58,75.875,1
2021-10-03 20:01:33,75.8,1
2021-10-03 20:03:05,75.8,3
2021-10-03 20:04:10,75.775,2
2021-10-03 20:04:10,75.75,2
2021-10-03 20:04:10,75.725,1
2021-10-03 20:04:10,75.7,1
2021-10-03 20:04:10,75.675,3
2021-10-03 20:04:10,75.7,1
2021-10-03 20:04:20,75.7,1
2021-10-03 20:04:22,75.7,1
2021-10-03 20:04:38,75.7,2
2021-10-03 20:04:48,75.7,1
2021-10-03 20:05:03,75.675,1
2021-10-03 20:05:12,75.675,1
2021-10-03 20:05:15,75.675,2
2021-10-03 20:05:15,75.7,1
2021-10-03 20:05:30,75.7,1
2021-10-03 20:05:37,75.7,1
2021-10-03 20:05:39,75.7,1
2021-10-03 20:05:55,75.7,1
2021-10-03 20:06:07,75.725,1
2021-10-03 20:06:12,75.7,1
2021-10-03 20:06:53,75.7,1
2021-10-03 20:07:02,75.7,1
2021-10-03 20:10:08,75.675,1
2021-10-03 20:10:52,75.675,1
2021-10-03 20:11:20,75.675,1
2021-10-03 20:12:17,75.65,1
2021-10-03 20:12:24,75.625,1
2021-10-03 20:12:35,75.6,5
2021-10-03 20:12:36,75.6,1
2021-10-03 20:12:40,75.575,6
2021-10-03 20:12:51,75.575,1
2021-10-03 20:13:04,75.575,2
2021-10-03 20:13:20,75.6,1
2021-10-03 20:14:49,75.575,1
2021-10-03 20:14:57,75.575,4
2021-10-03 20:15:10,75.6,1
2021-10-03 20:15:31,75.55,3
2021-10-03 20:15:31,75.525,1
2021-10-03 20:15:43,75.525,1
2021-10-03 20:15:52,75.525,2
2021-10-03 20:16:02,75.525,1
2021-10-03 20:17:03,75.525,1
2021-10-03 20:17:28,75.525,1
2021-10-03 20:17:52,75.525,2
2021-10-03 20:17:54,75.525,1
2021-10-03 20:18:09,75.525,1
2021-10-03 20:18:20,75.55,1
2021-10-03 20:18:36,75.525,1
2021-10-03 20:19:00,75.525,4
2021-10-03 20:19:13,75.5,7
2021-10-03 20:19:13,75.525,2
2021-10-03 20:19:13,75.5,3
2021-10-03 20:19:14,75.5,1
2021-10-03 20:19:23,75.5,1
2021-10-03 20:19:26,75.525,2
2021-10-03 20:19:29,75.55,2
2021-10-03 20:19:45,75.575,1
2021-10-03 20:19:52,75.55,1
2021-10-03 20:19:57,75.55,1
2021-10-03 20:20:18,75.55,4
2021-10-03 20:20:46,75.55,1
2021-10-03 20:20:51,75.575,1
2021-10-03 20:21:21,75.575,1
2021-10-03 20:22:20,75.6,1
2021-10-03 20:22:20,75.625,1
2021-10-03 20:23:16,75.6,2
2021-10-03 20:24:10,75.6,1
2021-10-03 20:24:21,75.6,1
2021-10-03 20:25:15,75.6,2
2021-10-03 20:25:32,75.625,1
2021-10-03 20:26:17,75.625,1
2021-10-03 20:26:53,75.625,2
2021-10-03 20:27:53,75.6,1
2021-10-03 20:28:00,75.6,1
2021-10-03 20:28:37,75.6,2
2021-10-03 20:29:04,75.575,1
2021-10-03 20:29:36,75.575,1
2021-10-03 20:30:57,75.575,1
2021-10-03 20:31:05,75.575,1
2021-10-03 20:31:29,75.6,1
2021-10-03 20:31:34,75.575,1
2021-10-03 20:31:47,75.6,1
2021-10-03 20:31:58,75.625,1
2021-10-03 20:32:10,75.65,2
2021-10-03 20:32:11,75.65,2
2021-10-03 20:33:01,75.65,1
2021-10-03 20:33:21,75.65,3
2021-10-03 20:33:22,75.625,1
2021-10-03 20:34:27,75.65,1
2021-10-03 20:35:24,75.675,3
2021-10-03 20:35:24,75.7,2
2021-10-03 20:35:24,75.725,2
2021-10-03 20:35:25,75.7,1
2021-10-03 20:35:28,75.675,1
2021-10-03 20:35:45,75.65,2
2021-10-03 20:35:53,75.65,1
2021-10-03 20:36:27,75.625,1
2021-10-03 20:36:42,75.625,1
2021-10-03 20:37:14,75.65,1
2021-10-03 20:38:13,75.65,1
2021-10-03 20:38:40,75.675,1
2021-10-03 20:38:50,75.675,1
2021-10-03 20:39:48,75.65,1
2021-10-03 20:41:01,75.675,1
2021-10-03 20:41:08,75.65,2
2021-10-03 20:41:13,75.65,1
2021-10-03 20:41:32,75.65,1
2021-10-03 20:42:24,75.65,1
2021-10-03 20:42:55,75.65,2
2021-10-03 20:47:43,75.65,1
2021-10-03 20:50:12,75.675,1
2021-10-03 20:51:13,75.65,1
2021-10-03 20:51:32,75.65,1
2021-10-03 20:52:37,75.625,1
2021-10-03 20:52:44,75.625,1
2021-10-03 20:52:48,75.625,1
2021-10-03 20:53:12,75.6,1
2021-10-03 20:54:18,75.6,2
2021-10-03 20:54:56,75.6,1
2021-10-03 20:56:09,75.575,1
2021-10-03 20:56:36,75.6,1
2021-10-03 20:56:43,75.625,1
2021-10-03 20:56:46,75.625,1
2021-10-03 20:56:52,75.625,1
2021-10-03 20:56:57,75.625,1
2021-10-03 20:58:21,75.625,1
2021-10-03 20:58:25,75.625,1
2021-10-03 20:59:34,75.6,1
2021-10-03 21:00:04,75.6,1
2021-10-03 21:00:07,75.575,2
2021-10-03 21:00:39,75.575,1
2021-10-03 21:00:45,75.575,1
2021-10-03 21:00:53,75.6,2
2021-10-03 21:01:13,75.625,1
2021-10-03 21:01:16,75.625,1
2021-10-03 21:01:18,75.65,2
2021-10-03 21:02:33,75.65,1
2021-10-03 21:02:47,75.625,1
2021-10-03 21:02:48,75.625,1
2021-10-03 21:04:07,75.625,2
2021-10-03 21:04:12,75.6,1
2021-10-03 21:04:44,75.575,2
2021-10-03 21:04:53,75.575,1
2021-10-03 21:05:30,75.55,1
2021-10-03 21:05:38,75.55,1
2021-10-03 21:05:44,75.525,2
2021-10-03 21:05:49,75.525,1
2021-10-03 21:06:05,75.525,2
2021-10-03 21:06:09,75.525,1
2021-10-03 21:06:17,75.55,1
2021-10-03 21:07:00,75.575,1
2021-10-03 21:07:18,75.575,1
2021-10-03 21:07:25,75.55,1
2021-10-03 21:08:06,75.55,1
2021-10-03 21:10:21,75.55,4
2021-10-03 21:10:35,75.55,1
2021-10-03 21:10:38,75.55,1
2021-10-03 21:11:01,75.575,1
2021-10-03 21:11:36,75.575,1
2021-10-03 21:12:03,75.575,1
2021-10-03 21:12:36,75.575,1
2021-10-03 21:13:20,75.575,2
2021-10-03 21:14:15,75.6,1
2021-10-03 21:14:41,75.6,1
2021-10-03 21:14:56,75.6,1
2021-10-03 21:15:16,75.625,1
2021-10-03 21:16:30,75.625,1
2021-10-03 21:16:38,75.625,2
2021-10-03 21:16:39,75.625,1
2021-10-03 21:20:29,75.65,1
2021-10-03 21:20:52,75.675,2
2021-10-03 21:20:59,75.675,1
2021-10-03 21:22:56,75.7,2
2021-10-03 21:23:21,75.7,1
2021-10-03 21:23:33,75.7,1
2021-10-03 21:24:04,75.725,3
2021-10-03 21:24:04,75.75,3
2021-10-03 21:24:09,75.725,1
2021-10-03 21:24:41,75.725,1
2021-10-03 21:25:03,75.7,2
2021-10-03 21:25:46,75.7,1
2021-10-03 21:25:58,75.7,1
2021-10-03 21:26:23,75.7,1
2021-10-03 21:27:46,75.725,1
2021-10-03 21:28:00,75.725,1
2021-10-03 21:28:24,75.75,1
2021-10-03 21:28:25,75.75,1
2021-10-03 21:28:28,75.75,1
2021-10-03 21:29:47,75.725,2
2021-10-03 21:30:44,75.7,1
2021-10-03 21:31:40,75.725,1
2021-10-03 21:32:01,75.725,1
2021-10-03 21:32:30,75.725,2
2021-10-03 21:34:12,75.725,1
2021-10-03 21:34:51,75.7,1
2021-10-03 21:35:22,75.7,1
2021-10-03 21:35:24,75.7,1
2021-10-03 21:35:45,75.675,1
2021-10-03 21:36:34,75.675,1
2021-10-03 21:36:46,75.7,1
2021-10-03 21:37:12,75.7,4
2021-10-03 21:37:34,75.675,3
2021-10-03 21:38:14,75.675,1
2021-10-03 21:38:27,75.65,1
2021-10-03 21:41:11,75.625,3
2021-10-03 21:41:11,75.6,2
2021-10-03 21:41:47,75.575,2
2021-10-03 21:42:20,75.575,4
2021-10-03 21:43:05,75.6,1
2021-10-03 21:44:47,75.6,1
2021-10-03 21:45:38,75.625,2
2021-10-03 21:46:12,75.625,1
2021-10-03 21:47:50,75.625,1
2021-10-03 21:50:21,75.6,1
2021-10-03 21:51:01,75.55,1
2021-10-03 21:51:13,75.525,2
2021-10-03 21:51:21,75.525,1
2021-10-03 21:51:48,75.575,1
2021-10-03 21:51:49,75.55,1
2021-10-03 21:52:52,75.525,1
2021-10-03 21:53:39,75.525,1
2021-10-03 21:54:01,75.525,1
2021-10-03 21:54:23,75.525,1
2021-10-03 21:54:30,75.5,5
2021-10-03 21:54:30,75.475,5
2021-10-03 21:54:49,75.475,2
2021-10-03 21:54:52,75.475,2
2021-10-03 21:54:54,75.45,3
2021-10-03 21:54:58,75.45,1
2021-10-03 21:55:11,75.45,1
2021-10-03 21:55:23,75.475,4
2021-10-03 21:55:46,75.5,1
2021-10-03 21:56:33,75.5,1
2021-10-03 21:56:41,75.5,1
2021-10-03 21:56:57,75.525,1
2021-10-03 21:57:33,75.55,1
2021-10-03 21:57:36,75.525,1
2021-10-03 21:58:29,75.55,1
2021-10-03 21:59:01,75.525,2
2021-10-03 21:59:42,75.525,1
2021-10-03 22:00:01,75.525,1
2021-10-03 22:01:04,75.5,1
2021-10-03 22:01:20,75.5,1
2021-10-03 22:02:33,75.525,1
2021-10-03 22:03:40,75.55,4
2021-10-03 22:04:17,75.55,1
2021-10-03 22:04:31,75.55,1
2021-10-03 22:04:32,75.55,1
2021-10-03 22:05:15,75.55,2
2021-10-03 22:05:27,75.55,1
2021-10-03 22:05:37,75.55,1
2021-10-03 22:05:41,75.55,1
2021-10-03 22:06:19,75.55,2
2021-10-03 22:07:18,75.525,3
2021-10-03 22:08:19,75.55,1
2021-10-03 22:08:33,75.575,1
2021-10-03 22:08:33,75.6,3
2021-10-03 22:08:34,75.625,3
2021-10-03 22:08:35,75.625,1
2021-10-03 22:08:40,75.625,1
2021-10-03 22:09:08,75.65,2
2021-10-03 22:09:12,75.625,1
2021-10-03 22:09:23,75.625,1
2021-10-03 22:09:58,75.625,1
2021-10-03 22:10:19,75.625,1
2021-10-03 22:10:25,75.625,1
2021-10-03 22:10:34,75.625,1
2021-10-03 22:11:13,75.65,1
2021-10-03 22:11:53,75.65,1
2021-10-03 22:13:09,75.65,1
2021-10-03 22:14:08,75.625,1
2021-10-03 22:14:22,75.65,1
2021-10-03 22:14:56,75.625,1
2021-10-03 22:15:02,75.625,1
2021-10-03 22:15:54,75.65,1
2021-10-03 22:17:13,75.625,2
2021-10-03 22:20:02,75.675,2
2021-10-03 22:20:08,75.65,1
2021-10-03 22:22:07,75.65,1
2021-10-03 22:23:15,75.675,10
2021-10-03 22:23:18,75.625,3
2021-10-03 22:23:18,75.6,4
2021-10-03 22:23:18,75.575,1
2021-10-03 22:23:18,75.6,4
2021-10-03 22:23:18,75.575,3
2021-10-03 22:23:18,75.6,5
2021-10-03 22:23:18,75.575,3
2021-10-03 22:23:18,75.6,3
2021-10-03 22:23:19,75.6,4
2021-10-03 22:23:19,75.575,1
2021-10-03 22:23:20,75.6,1
2021-10-03 22:23:55,75.6,1
2021-10-03 22:24:03,75.6,1
2021-10-03 22:24:08,75.625,1
2021-10-03 22:26:01,75.575,3
2021-10-03 22:26:09,75.6,1
2021-10-03 22:26:36,75.6,1
2021-10-03 22:26:57,75.6,1
2021-10-03 22:27:11,75.575,1
2021-10-03 22:29:52,75.625,1
2021-10-03 22:30:10,75.625,2
2021-10-03 22:30:22,75.625,1
2021-10-03 22:30:54,75.625,1
2021-10-03 22:31:50,75.65,3
2021-10-03 22:31:56,75.65,1
2021-10-03 22:32:04,75.65,1
2021-10-03 22:33:05,75.65,1
2021-10-03 22:34:20,75.625,2
2021-10-03 22:35:17,75.625,1
2021-10-03 22:38:13,75.625,4
2021-10-03 22:39:15,75.65,3
2021-10-03 22:39:47,75.675,2
2021-10-03 22:39:57,75.675,1
2021-10-03 22:40:37,75.65,1
2021-10-03 22:40:48,75.65,1
2021-10-03 22:40:59,75.65,1
2021-10-03 22:41:30,75.65,1
2021-10-03 22:42:09,75.675,1
2021-10-03 22:45:43,75.65,2
2021-10-03 22:46:40,75.65,1
2021-10-03 22:50:11,75.65,1
2021-10-03 22:51:21,75.65,1
2021-10-03 22:53:12,75.65,1
2021-10-03 22:55:10,75.625,1
2021-10-03 22:55:12,75.625,1
2021-10-03 22:56:29,75.625,1
2021-10-03 22:58:09,75.625,2
2021-10-03 23:01:10,75.625,2
2021-10-03 23:01:31,75.65,1
2021-10-03 23:02:35,75.65,1
2021-10-03 23:07:05,75.6,1
2021-10-03 23:07:32,75.6,1
2021-10-03 23:07:59,75.6,1
2021-10-03 23:08:10,75.6,1
2021-10-03 23:08:40,75.6,1
2021-10-03 23:09:22,75.575,2
2021-10-03 23:11:41,75.55,1
2021-10-03 23:11:42,75.525,1
2021-10-03 23:12:10,75.55,1
2021-10-03 23:12:26,75.55,1
2021-10-03 23:13:20,75.55,1
2021-10-03 23:13:42,75.55,1
2021-10-03 23:15:19,75.575,2
2021-10-03 23:19:45,75.575,1
2021-10-03 23:22:45,75.575,1
2021-10-03 23:23:14,75.55,1
2021-10-03 23:23:36,75.525,1
2021-10-03 23:24:36,75.55,2
2021-10-03 23:25:28,75.55,2
2021-10-03 23:26:14,75.55,1
2021-10-03 23:27:51,75.55,1
2021-10-03 23:29:28,75.55,1
2021-10-03 23:29:36,75.55,1
2021-10-03 23:30:22,75.55,10
2021-10-03 23:30:24,75.575,1
2021-10-03 23:30:24,75.6,3
2021-10-03 23:30:27,75.65,2
2021-10-03 23:30:27,75.675,1
2021-10-03 23:30:28,75.65,1
2021-10-03 23:30:29,75.65,1
2021-10-03 23:30:30,75.625,2
2021-10-03 23:30:32,75.625,1
2021-10-03 23:30:35,75.65,2
2021-10-03 23:30:36,75.675,2
2021-10-03 23:30:44,75.675,1
2021-10-03 23:31:09,75.625,1
2021-10-03 23:31:19,75.65,1
2021-10-03 23:31:25,75.65,1
2021-10-03 23:31:26,75.65,1
2021-10-03 23:31:37,75.675,1
2021-10-03 23:31:42,75.675,1
2021-10-03 23:32:46,75.675,1
2021-10-03 23:32:50,75.675,3
2021-10-03 23:33:17,75.7,2
2021-10-03 23:33:22,75.7,1
2021-10-03 23:33:40,75.675,2
2021-10-03 23:36:30,75.65,4
2021-10-03 23:36:32,75.625,1
2021-10-03 23:36:44,75.65,3
2021-10-03 23:40:09,75.675,2
2021-10-03 23:42:08,75.7,1
2021-10-03 23:42:34,75.675,1
2021-10-03 23:42:50,75.675,1
2021-10-03 23:43:42,75.675,5
2021-10-03 23:44:00,75.65,1
2021-10-03 23:44:45,75.65,1
2021-10-03 23:46:52,75.625,3
2021-10-03 23:47:00,75.625,1
2021-10-03 23:47:50,75.6,1
2021-10-03 23:53:36,75.625,1
2021-10-03 23:53:51,75.625,2
2021-10-03 23:54:15,75.6,1
2021-10-03 23:54:50,75.6,1
2021-10-03 23:55:29,75.6,1
2021-10-03 23:56:19,75.6,1
2021-10-03 23:56:32,75.6,1
2021-10-03 23:56:50,75.625,1
2021-10-03 23:56:52,75.6,1
2021-10-03 23:58:00,75.575,2
2021-10-03 23:58:39,75.6,1
2021-10-04 00:00:35,75.6,1
2021-10-04 00:01:14,75.575,1
2021-10-04 00:01:48,75.575,2
2021-10-04 00:02:21,75.55,1
2021-10-04 00:02:27,75.575,2
2021-10-04 00:02:36,75.575,1
2021-10-04 00:04:22,75.6,1
2021-10-04 00:07:54,75.575,1
2021-10-04 00:08:16,75.575,1
2021-10-04 00:09:01,75.6,1
2021-10-04 00:09:18,75.575,1
2021-10-04 00:12:51,75.575,2
2021-10-04 00:16:13,75.575,1
2021-10-04 00:17:45,75.6,2
2021-10-04 00:18:33,75.6,1
2021-10-04 00:18:46,75.6,1
2021-10-04 00:20:57,75.625,3
2021-10-04 00:21:56,75.625,1
2021-10-04 00:22:34,75.6,2
2021-10-04 00:22:52,75.6,1
2021-10-04 00:27:30,75.575,4
2021-10-04 00:27:32,75.55,1
2021-10-04 00:28:30,75.575,1
2021-10-04 00:28:37,75.575,1
2021-10-04 00:29:00,75.55,1
2021-10-04 00:29:13,75.55,2
2021-10-04 00:29:33,75.55,1
2021-10-04 00:30:44,75.55,1
2021-10-04 00:30:45,75.55,1
2021-10-04 00:31:57,75.55,1
2021-10-04 00:34:46,75.575,1
2021-10-04 00:36:51,75.575,1
2021-10-04 00:37:03,75.6,1
2021-10-04 00:37:44,75.6,1
2021-10-04 00:37:48,75.575,1
2021-10-04 00:38:13,75.6,2
2021-10-04 00:39:23,75.6,1
2021-10-04 00:42:26,75.6,2
2021-10-04 00:45:57,75.6,2
2021-10-04 00:47:10,75.625,1
2021-10-04 00:48:39,75.625,1
2021-10-04 00:52:34,75.625,1
2021-10-04 00:55:32,75.65,1
2021-10-04 00:58:52,75.65,1
2021-10-04 01:00:35,75.65,1
2021-10-04 01:01:19,75.675,3
2021-10-04 01:01:21,75.7,3
2021-10-04 01:01:28,75.725,2
2021-10-04 01:01:30,75.725,2
2021-10-04 01:01:34,75.725,2
2021-10-04 01:01:49,75.75,2
2021-10-04 01:01:52,75.75,1
2021-10-04 01:01:55,75.75,1
2021-10-04 01:02:40,75.75,1
2021-10-04 01:03:29,75.725,1
2021-10-04 01:05:00,75.725,1
2021-10-04 01:05:28,75.75,1
2021-10-04 01:05:40,75.75,1
2021-10-04 01:06:45,75.75,1
2021-10-04 01:08:09,75.75,1
2021-10-04 01:08:29,75.75,1
2021-10-04 01:08:47,75.75,1
2021-10-04 01:09:44,75.775,1
2021-10-04 01:09:52,75.775,1
2021-10-04 01:10:03,75.775,3
2021-10-04 01:10:09,75.8,6
2021-10-04 01:10:09,75.825,5
2021-10-04 01:10:09,75.8,1
2021-10-04 01:10:10,75.8,1
2021-10-04 01:10:33,75.775,4
2021-10-04 01:10:43,75.775,1
2021-10-04 01:11:19,75.75,1
2021-10-04 01:17:42,75.775,3
2021-10-04 01:18:09,75.775,3
2021-10-04 01:21:04,75.825,4
2021-10-04 01:21:48,75.825,1
2021-10-04 01:22:22,75.825,1
2021-10-04 01:22:50,75.825,1
2021-10-04 01:24:01,75.825,1
2021-10-04 01:24:18,75.825,1
2021-10-04 01:24:30,75.825,1
2021-10-04 01:24:42,75.8,2
2021-10-04 01:24:52,75.8,1
2021-10-04 01:25:40,75.8,1
2021-10-04 01:26:32,75.8,1
2021-10-04 01:29:07,75.8,1
2021-10-04 01:30:03,75.8,1
2021-10-04 01:31:14,75.8,1
2021-10-04 01:32:53,75.8,1
2021-10-04 01:33:54,75.75,1
2021-10-04 01:33:59,75.75,1
2021-10-04 01:34:05,75.75,2
2021-10-04 01:34:22,75.75,1
2021-10-04 01:34:52,75.75,1
2021-10-04 01:36:08,75.775,2
2021-10-04 01:38:16,75.775,1
2021-10-04 01:39:27,75.775,2
2021-10-04 01:39:49,75.775,3
2021-10-04 01:39:51,75.775,1
2021-10-04 01:40:20,75.75,1
2021-10-04 01:40:26,75.75,1
2021-10-04 01:41:55,75.725,2
2021-10-04 01:42:37,75.75,1
2021-10-04 01:45:24,75.75,1
2021-10-04 01:46:42,75.725,1
2021-10-04 01:48:38,75.7,1
2021-10-04 01:49:08,75.7,1
2021-10-04 01:49:36,75.725,1
2021-10-04 01:51:26,75.775,1
2021-10-04 01:51:50,75.8,1
2021-10-04 01:52:45,75.775,1
2021-10-04 01:54:03,75.775,1
2021-10-04 01:58:00,75.7,2
2021-10-04 01:58:08,75.7,1
2021-10-04 01:58:45,75.7,1
2021-10-04 01:59:34,75.7,2
2021-10-04 02:00:06,75.625,2
2021-10-04 02:00:07,75.65,2
2021-10-04 02:00:09,75.65,1
2021-10-04 02:00:13,75.625,3
2021-10-04 02:00:15,75.625,1
2021-10-04 02:00:21,75.65,2
2021-10-04 02:00:27,75.675,1
2021-10-04 02:00:27,75.65,1
2021-10-04 02:00:47,75.65,1
2021-10-04 02:00:48,75.625,4
2021-10-04 02:00:56,75.65,3
2021-10-04 02:01:26,75.65,3
2021-10-04 02:01:41,75.675,2
2021-10-04 02:01:45,75.675,1
2021-10-04 02:01:50,75.675,1
2021-10-04 02:02:05,75.65,1
2021-10-04 02:02:20,75.625,1
2021-10-04 02:02:41,75.625,1
2021-10-04 02:03:14,75.625,2
2021-10-04 02:03:25,75.625,1
2021-10-04 02:04:14,75.625,2
2021-10-04 02:04:26,75.625,1
2021-10-04 02:04:33,75.625,2
2021-10-04 02:04:49,75.625,2
2021-10-04 02:05:04,75.625,1
2021-10-04 02:06:04,75.6,1
2021-10-04 02:06:04,75.575,1
2021-10-04 02:06:37,75.6,1
2021-10-04 02:06:45,75.575,3
2021-10-04 02:06:56,75.55,5
2021-10-04 02:06:56,75.575,2
2021-10-04 02:07:23,75.575,1
2021-10-04 02:07:28,75.575,2
2021-10-04 02:08:14,75.6,1
2021-10-04 02:08:26,75.625,1
2021-10-04 02:08:46,75.625,1
2021-10-04 02:09:38,75.65,1
2021-10-04 02:09:52,75.65,1
2021-10-04 02:09:56,75.65,2
2021-10-04 02:09:59,75.65,1
2021-10-04 02:10:47,75.625,1
2021-10-04 02:13:24,75.6,1
2021-10-04 02:13:46,75.6,2
2021-10-04 02:13:49,75.6,2
2021-10-04 02:13:50,75.6,1
2021-10-04 02:13:59,75.6,1
2021-10-04 02:14:03,75.575,1
2021-10-04 02:14:03,75.55,10
2021-10-04 02:14:04,75.55,1
2021-10-04 02:14:38,75.6,9
2021-10-04 02:14:42,75.6,4
2021-10-04 02:15:02,75.575,2
2021-10-04 02:15:12,75.55,2
2021-10-04 02:15:16,75.55,1
2021-10-04 02:15:26,75.525,2
2021-10-04 02:15:35,75.525,1
2021-10-04 02:15:38,75.55,2
2021-10-04 02:15:40,75.55,1
2021-10-04 02:15:44,75.55,2
2021-10-04 02:15:50,75.55,3
2021-10-04 02:16:02,75.55,1
2021-10-04 02:16:50,75.575,1
2021-10-04 02:17:03,75.55,2
2021-10-04 02:17:42,75.55,1
2021-10-04 02:18:00,75.55,1
2021-10-04 02:18:18,75.55,2
2021-10-04 02:18:55,75.525,1
2021-10-04 02:19:20,75.525,3
2021-10-04 02:19:23,75.525,1
2021-10-04 02:19:25,75.525,1
2021-10-04 02:19:30,75.55,1
2021-10-04 02:19:30,75.525,2
2021-10-04 02:19:32,75.525,1
2021-10-04 02:19:37,75.525,1
2021-10-04 02:19:44,75.55,3
2021-10-04 02:19:50,75.55,1
2021-10-04 02:20:09,75.525,2
2021-10-04 02:21:04,75.525,1
2021-10-04 02:21:14,75.55,4
2021-10-04 02:21:24,75.55,1
2021-10-04 02:21:39,75.55,1
2021-10-04 02:21:57,75.55,2
2021-10-04 02:21:59,75.525,1
2021-10-04 02:22:00,75.5,7
2021-10-04 02:22:07,75.475,3
2021-10-04 02:22:12,75.475,2
2021-10-04 02:22:14,75.475,1
2021-10-04 02:22:59,75.5,1
2021-10-04 02:23:34,75.5,1
2021-10-04 02:23:56,75.525,1
2021-10-04 02:24:00,75.5,1
2021-10-04 02:24:14,75.475,4
2021-10-04 02:24:16,75.475,1
2021-10-04 02:24:19,75.475,1
2021-10-04 02:24:23,75.475,1
2021-10-04 02:24:26,75.475,1
2021-10-04 02:24:28,75.475,1
2021-10-04 02:24:39,75.475,1
2021-10-04 02:24:46,75.475,1
2021-10-04 02:25:12,75.475,1
2021-10-04 02:25:26,75.5,2
2021-10-04 02:25:47,75.5,2
2021-10-04 02:25:48,75.5,3
2021-10-04 02:26:18,75.5,7
2021-10-04 02:26:19,75.5,3
2021-10-04 02:26:46,75.5,1
2021-10-04 02:26:54,75.5,1
2021-10-04 02:26:55,75.5,1
2021-10-04 02:27:34,75.525,1
2021-10-04 02:27:38,75.525,1
2021-10-04 02:28:53,75.5,7
2021-10-04 02:28:58,75.5,1
2021-10-04 02:29:03,75.5,1
2021-10-04 02:29:10,75.475,1
2021-10-04 02:29:26,75.5,1
2021-10-04 02:30:02,75.5,1
2021-10-04 02:30:16,75.525,1
2021-10-04 02:30:22,75.5,1
2021-10-04 02:30:22,75.525,1
2021-10-04 02:30:35,75.5,1
2021-10-04 02:30:36,75.5,1
2021-10-04 02:30:55,75.525,1
2021-10-04 02:31:03,75.525,1
2021-10-04 02:31:04,75.525,1
2021-10-04 02:31:49,75.55,2
2021-10-04 02:31:55,75.55,1
2021-10-04 02:31:58,75.55,4
2021-10-04 02:32:00,75.55,2
2021-10-04 02:32:03,75.55,1
2021-10-04 02:32:05,75.525,3
2021-10-04 02:33:16,75.5,1
2021-10-04 02:33:44,75.5,4
2021-10-04 02:33:53,75.5,1
2021-10-04 02:33:54,75.5,1
2021-10-04 02:35:49,75.525,1
2021-10-04 02:35:49,75.55,2
2021-10-04 02:36:42,75.525,3
2021-10-04 02:36:50,75.525,1
2021-10-04 02:37:24,75.525,2
2021-10-04 02:37:26,75.525,1
2021-10-04 02:37:56,75.525,4
2021-10-04 02:38:48,75.5,6
2021-10-04 02:38:50,75.5,1
2021-10-04 02:40:29,75.525,2
2021-10-04 02:41:00,75.5,1
2021-10-04 02:41:19,75.5,1
2021-10-04 02:41:23,75.5,1
2021-10-04 02:42:00,75.475,3
2021-10-04 02:42:15,75.475,1
2021-10-04 02:42:45,75.5,1
2021-10-04 02:42:52,75.5,1
2021-10-04 02:43:30,75.525,1
2021-10-04 02:44:04,75.5,1
2021-10-04 02:44:41,75.475,1
2021-10-04 02:44:46,75.475,3
2021-10-04 02:45:09,75.475,3
2021-10-04 02:45:31,75.5,1
2021-10-04 02:45:32,75.5,1
2021-10-04 02:45:58,75.5,1
2021-10-04 02:46:24,75.5,1
2021-10-04 02:46:43,75.5,3
2021-10-04 02:47:00,75.475,1
2021-10-04 02:47:56,75.475,1
2021-10-04 02:47:57,75.475,1
2021-10-04 02:48:21,75.475,1
2021-10-04 02:48:43,75.475,1
2021-10-04 02:49:03,75.475,1
2021-10-04 02:49:26,75.475,1
2021-10-04 02:49:30,75.475,2
2021-10-04 02:49:48,75.475,1
2021-10-04 02:51:45,75.475,1
2021-10-04 02:52:12,75.475,1
2021-10-04 02:52:36,75.5,5
2021-10-04 02:52:39,75.525,1
2021-10-04 02:53:00,75.525,2
2021-10-04 02:53:01,75.525,1
2021-10-04 02:53:12,75.525,3
2021-10-04 02:53:33,75.5,3
2021-10-04 02:54:20,75.5,1
2021-10-04 02:54:28,75.5,2
2021-10-04 02:54:42,75.5,1
2021-10-04 02:54:45,75.5,1
2021-10-04 02:54:51,75.5,1
2021-10-04 02:54:55,75.5,1
2021-10-04 02:55:05,75.5,1
2021-10-04 02:55:09,75.5,2
2021-10-04 02:55:10,75.5,1
2021-10-04 02:55:13,75.5,1
2021-10-04 02:55:33,75.5,3
2021-10-04 02:57:29,75.5,1
2021-10-04 02:57:35,75.5,1
2021-10-04 02:57:36,75.5,1
2021-10-04 02:57:41,75.5,1
2021-10-04 02:57:42,75.5,1
2021-10-04 02:58:02,75.5,5
2021-10-04 02:58:03,75.5,2
2021-10-04 02:58:12,75.5,1
2021-10-04 02:58:49,75.475,1
2021-10-04 02:59:10,75.475,1
2021-10-04 02:59:24,75.5,2
2021-10-04 02:59:25,75.5,1
2021-10-04 02:59:27,75.5,1
2021-10-04 02:59:38,75.5,6
2021-10-04 02:59:40,75.525,2
2021-10-04 02:59:59,75.5,1
2021-10-04 03:00:00,75.475,1
2021-10-04 03:00:01,75.475,2
2021-10-04 03:00:10,75.45,10
2021-10-04 03:00:10,75.425,1
2021-10-04 03:00:10,75.4,17
2021-10-04 03:00:10,75.375,2
2021-10-04 03:00:10,75.35,2
2021-10-04 03:00:10,75.375,9
2021-10-04 03:00:11,75.375,3
2021-10-04 03:00:19,75.4,1
2021-10-04 03:00:26,75.4,1
2021-10-04 03:00:30,75.4,1
2021-10-04 03:00:34,75.4,1
2021-10-04 03:00:42,75.4,2
2021-10-04 03:00:49,75.4,1
2021-10-04 03:00:52,75.4,1
2021-10-04 03:01:10,75.4,3
2021-10-04 03:01:14,75.425,1
2021-10-04 03:01:17,75.475,1
2021-10-04 03:01:29,75.45,1
2021-10-04 03:01:37,75.45,1
2021-10-04 03:01:41,75.425,1
2021-10-04 03:01:43,75.425,1
2021-10-04 03:01:55,75.425,2
2021-10-04 03:01:59,75.425,3
2021-10-04 03:02:01,75.425,1
2021-10-04 03:02:05,75.45,1
2021-10-04 03:02:15,75.45,1
2021-10-04 03:02:31,75.45,3
2021-10-04 03:02:48,75.475,2
2021-10-04 03:03:00,75.475,1
2021-10-04 03:03:10,75.475,1
2021-10-04 03:03:12,75.475,2
2021-10-04 03:03:46,75.5,1
2021-10-04 03:03:49,75.5,1
2021-10-04 03:03:53,75.5,2
2021-10-04 03:04:00,75.5,1
2021-10-04 03:04:12,75.475,1
2021-10-04 03:04:12,75.5,2
2021-10-04 03:04:15,75.5,1
2021-10-04 03:04:20,75.5,1
2021-10-04 03:04:34,75.525,4
2021-10-04 03:04:35,75.525,1
2021-10-04 03:04:41,75.5,1
2021-10-04 03:05:00,75.5,2
2021-10-04 03:05:02,75.525,2
2021-10-04 03:05:13,75.525,1
2021-10-04 03:05:17,75.55,1
2021-10-04 03:05:30,75.55,6
2021-10-04 03:05:35,75.525,2
2021-10-04 03:05:39,75.525,1
2021-10-04 03:05:46,75.525,4
2021-10-04 03:05:50,75.525,1
2021-10-04 03:05:51,75.525,1
2021-10-04 03:06:00,75.5,1
2021-10-04 03:06:01,75.475,5
2021-10-04 03:06:05,75.475,1
2021-10-04 03:06:08,75.475,2
2021-10-04 03:06:11,75.475,1
2021-10-04 03:06:17,75.475,1
2021-10-04 03:07:01,75.45,3
2021-10-04 03:07:44,75.475,2
2021-10-04 03:07:58,75.45,1
2021-10-04 03:08:19,75.45,1
2021-10-04 03:08:34,75.425,2
2021-10-04 03:08:40,75.425,1
2021-10-04 03:08:55,75.45,4
2021-10-04 03:08:56,75.45,1
2021-10-04 03:09:00,75.45,1
2021-10-04 03:09:02,75.45,1
2021-10-04 03:09:09,75.45,1
2021-10-04 03:09:29,75.45,1
2021-10-04 03:09:40,75.475,1
2021-10-04 03:09:53,75.475,1
2021-10-04 03:10:13,75.475,2
2021-10-04 03:10:15,75.475,1
2021-10-04 03:10:17,75.475,2
2021-10-04 03:10:37,75.5,2
2021-10-04 03:10:42,75.475,1
2021-10-04 03:10:49,75.45,2
2021-10-04 03:10:51,75.45,1
2021-10-04 03:10:52,75.45,1
2021-10-04 03:11:13,75.475,1
2021-10-04 03:11:30,75.475,2
2021-10-04 03:11:37,75.475,1
2021-10-04 03:11:51,75.5,3
2021-10-04 03:11:58,75.5,2
2021-10-04 03:12:00,75.5,1
2021-10-04 03:12:01,75.5,1
2021-10-04 03:12:08,75.5,3
2021-10-04 03:12:10,75.5,1
2021-10-04 03:12:41,75.5,2
2021-10-04 03:13:04,75.5,1
2021-10-04 03:13:08,75.5,1
2021-10-04 03:13:12,75.5,4
2021-10-04 03:13:13,75.5,1
2021-10-04 03:13:26,75.475,1
2021-10-04 03:13:32,75.45,2
2021-10-04 03:13:39,75.45,1
2021-10-04 03:13:41,75.45,1
2021-10-04 03:14:23,75.475,1
2021-10-04 03:14:33,75.475,3
2021-10-04 03:14:51,75.475,1
2021-10-04 03:16:09,75.475,1
2021-10-04 03:16:45,75.475,1
2021-10-04 03:17:11,75.425,3
2021-10-04 03:17:25,75.4,7
2021-10-04 03:17:47,75.425,1
2021-10-04 03:17:59,75.425,1
2021-10-04 03:18:17,75.425,1
2021-10-04 03:18:19,75.425,1
2021-10-04 03:18:26,75.425,1
2021-10-04 03:18:52,75.425,1
2021-10-04 03:18:55,75.425,1
2021-10-04 03:18:56,75.425,1
2021-10-04 03:18:58,75.425,2
2021-10-04 03:19:14,75.425,1
2021-10-04 03:19:36,75.425,1
2021-10-04 03:20:07,75.45,3
2021-10-04 03:20:09,75.45,1
2021-10-04 03:20:14,75.45,1
2021-10-04 03:20:16,75.45,3
2021-10-04 03:20:27,75.475,6
2021-10-04 03:20:29,75.475,1
2021-10-04 03:20:35,75.45,3
2021-10-04 03:20:42,75.45,5
2021-10-04 03:21:03,75.45,1
2021-10-04 03:21:10,75.45,2
2021-10-04 03:21:24,75.475,1
2021-10-04 03:21:40,75.45,1
2021-10-04 03:21:43,75.45,2
2021-10-04 03:21:46,75.475,3
2021-10-04 03:21:49,75.5,2
2021-10-04 03:22:07,75.475,2
2021-10-04 03:22:10,75.475,1
2021-10-04 03:22:13,75.475,3
2021-10-04 03:22:16,75.475,1
2021-10-04 03:22:19,75.475,1
2021-10-04 03:22:22,75.475,1
2021-10-04 03:22:39,75.45,2
2021-10-04 03:22:56,75.425,2
2021-10-04 03:22:57,75.425,1
2021-10-04 03:22:58,75.4,2
2021-10-04 03:23:07,75.425,1
2021-10-04 03:24:07,75.425,1
2021-10-04 03:24:45,75.425,1
2021-10-04 03:25:03,75.4,1
2021-10-04 03:25:17,75.4,1
2021-10-04 03:25:21,75.375,2
2021-10-04 03:25:44,75.375,1
2021-10-04 03:25:47,75.375,3
2021-10-04 03:26:12,75.375,1
2021-10-04 03:26:15,75.375,1
2021-10-04 03:26:19,75.375,1
2021-10-04 03:26:21,75.375,1
2021-10-04 03:26:24,75.375,1
2021-10-04 03:26:25,75.375,2
2021-10-04 03:26:37,75.375,1
2021-10-04 03:26:37,75.4,3
2021-10-04 03:26:44,75.4,2
2021-10-04 03:26:46,75.4,4
2021-10-04 03:26:56,75.375,1
2021-10-04 03:26:57,75.375,2
2021-10-04 03:27:28,75.35,4
2021-10-04 03:27:41,75.375,2
2021-10-04 03:27:42,75.35,1
2021-10-04 03:28:09,75.375,1
2021-10-04 03:28:10,75.35,1
2021-10-04 03:28:10,75.375,2
2021-10-04 03:28:24,75.375,1
2021-10-04 03:28:34,75.375,1
2021-10-04 03:28:37,75.4,2
2021-10-04 03:28:38,75.4,1
2021-10-04 03:28:56,75.375,1
2021-10-04 03:28:58,75.375,1
2021-10-04 03:29:02,75.375,1
2021-10-04 03:29:12,75.375,1
2021-10-04 03:29:17,75.375,1
2021-10-04 03:29:47,75.375,1
2021-10-04 03:30:16,75.35,3
2021-10-04 03:30:42,75.325,3
2021-10-04 03:30:43,75.3,2
2021-10-04 03:30:43,75.35,1
2021-10-04 03:30:43,75.325,1
2021-10-04 03:30:45,75.325,1
2021-10-04 03:31:00,75.325,1
2021-10-04 03:31:17,75.325,2
2021-10-04 03:31:27,75.35,1
2021-10-04 03:31:35,75.35,1
2021-10-04 03:31:39,75.35,1
2021-10-04 03:31:48,75.35,2
2021-10-04 03:31:51,75.35,1
2021-10-04 03:32:00,75.35,1
2021-10-04 03:32:01,75.35,1
2021-10-04 03:32:04,75.375,1
2021-10-04 03:32:10,75.375,1
2021-10-04 03:32:17,75.375,1
2021-10-04 03:32:25,75.35,3
2021-10-04 03:32:29,75.35,2
2021-10-04 03:32:38,75.35,1
2021-10-04 03:32:59,75.375,1
2021-10-04 03:33:03,75.4,3
2021-10-04 03:33:12,75.4,1
2021-10-04 03:33:13,75.375,1
2021-10-04 03:33:14,75.375,1
2021-10-04 03:33:15,75.375,2
2021-10-04 03:33:20,75.375,1
2021-10-04 03:33:35,75.375,1
2021-10-04 03:33:45,75.35,1
2021-10-04 03:34:04,75.35,1
2021-10-04 03:34:04,75.375,2
2021-10-04 03:34:07,75.375,1
2021-10-04 03:34:34,75.375,1
2021-10-04 03:34:43,75.375,2
2021-10-04 03:35:03,75.375,1
2021-10-04 03:35:04,75.375,1
2021-10-04 03:35:22,75.375,1
2021-10-04 03:35:56,75.375,1
2021-10-04 03:36:04,75.35,1
2021-10-04 03:36:17,75.375,1
2021-10-04 03:36:53,75.425,3
2021-10-04 03:37:06,75.4,3
2021-10-04 03:37:07,75.375,1
2021-10-04 03:37:10,75.4,1
2021-10-04 03:37:13,75.375,1
2021-10-04 03:37:20,75.4,2
2021-10-04 03:37:25,75.4,1
2021-10-04 03:37:41,75.425,1
2021-10-04 03:38:36,75.425,3
2021-10-04 03:38:37,75.425,1
2021-10-04 03:38:42,75.425,1
2021-10-04 03:38:46,75.425,4
2021-10-04 03:38:47,75.425,1
2021-10-04 03:38:56,75.425,2
2021-10-04 03:39:00,75.45,2
2021-10-04 03:39:00,75.475,1
2021-10-04 03:39:00,75.45,2
2021-10-04 03:39:01,75.45,1
2021-10-04 03:39:05,75.45,1
2021-10-04 03:39:18,75.425,2
2021-10-04 03:39:19,75.425,1
2021-10-04 03:39:29,75.45,2
2021-10-04 03:39:36,75.45,2
2021-10-04 03:39:54,75.45,1
2021-10-04 03:40:09,75.425,1
2021-10-04 03:40:12,75.425,1
2021-10-04 03:40:24,75.4,3
2021-10-04 03:40:26,75.4,1
2021-10-04 03:40:42,75.4,2
2021-10-04 03:40:44,75.4,1
2021-10-04 03:40:46,75.4,1
2021-10-04 03:41:17,75.4,2
2021-10-04 03:41:44,75.425,1
2021-10-04 03:42:00,75.425,1
2021-10-04 03:42:02,75.425,1
2021-10-04 03:42:12,75.425,1
2021-10-04 03:42:41,75.425,1
2021-10-04 03:43:04,75.4,2
2021-10-04 03:43:43,75.4,1
2021-10-04 03:43:50,75.4,1
2021-10-04 03:44:34,75.4,5
2021-10-04 03:44:53,75.4,1
2021-10-04 03:44:56,75.425,3
2021-10-04 03:44:57,75.425,2
2021-10-04 03:45:14,75.4,1
2021-10-04 03:45:19,75.375,1
2021-10-04 03:45:25,75.375,1
2021-10-04 03:46:00,75.375,1
2021-10-04 03:46:24,75.375,1
2021-10-04 03:46:36,75.4,1
2021-10-04 03:47:05,75.425,1
2021-10-04 03:47:22,75.4,1
2021-10-04 03:47:32,75.4,1
2021-10-04 03:47:34,75.425,1
2021-10-04 03:48:02,75.45,3
2021-10-04 03:48:12,75.475,1
2021-10-04 03:48:13,75.475,1
2021-10-04 03:48:24,75.5,3
2021-10-04 03:48:43,75.475,1
2021-10-04 03:49:39,75.475,1
2021-10-04 03:49:45,75.5,3
2021-10-04 03:51:12,75.475,1
2021-10-04 03:51:29,75.5,5
2021-10-04 03:51:32,75.5,3
2021-10-04 03:52:04,75.475,2
2021-10-04 03:52:11,75.475,1
2021-10-04 03:52:23,75.475,1
2021-10-04 03:52:40,75.475,1
2021-10-04 03:53:02,75.5,1
2021-10-04 03:53:02,75.525,4
2021-10-04 03:53:02,75.55,11
2021-10-04 03:53:02,75.575,2
2021-10-04 03:53:02,75.6,10
2021-10-04 03:53:02,75.625,5
2021-10-04 03:53:02,75.65,1
2021-10-04 03:53:02,75.675,1
2021-10-04 03:53:02,75.65,13
2021-10-04 03:53:02,75.625,7
2021-10-04 03:53:03,75.6,4
2021-10-04 03:53:04,75.6,1
2021-10-04 03:53:05,75.625,2
2021-10-04 03:53:06,75.625,5
2021-10-04 03:53:07,75.625,1
2021-10-04 03:53:08,75.625,5
2021-10-04 03:53:10,75.625,3
2021-10-04 03:53:10,75.6,2
2021-10-04 03:53:11,75.6,2
2021-10-04 03:53:12,75.575,1
2021-10-04 03:53:15,75.6,1
2021-10-04 03:53:15,75.625,3
2021-10-04 03:53:16,75.65,4
2021-10-04 03:53:17,75.65,1
2021-10-04 03:53:20,75.625,1
2021-10-04 03:53:21,75.65,1
2021-10-04 03:53:25,75.6,1
2021-10-04 03:53:26,75.6,1
2021-10-04 03:53:32,75.6,1
2021-10-04 03:53:33,75.625,1
2021-10-04 03:53:34,75.625,2
2021-10-04 03:53:34,75.65,3
2021-10-04 03:53:35,75.65,1
2021-10-04 03:53:36,75.65,6
2021-10-04 03:53:37,75.65,3
2021-10-04 03:53:39,75.65,4
2021-10-04 03:53:40,75.65,4
2021-10-04 03:53:43,75.625,3
2021-10-04 03:53:46,75.6,1
2021-10-04 03:53:48,75.625,1
2021-10-04 03:53:55,75.65,1
2021-10-04 03:53:56,75.65,1
2021-10-04 03:53:59,75.625,1
2021-10-04 03:54:05,75.675,1
2021-10-04 03:54:06,75.675,4
2021-10-04 03:54:07,75.675,5
2021-10-04 03:54:07,75.7,3
2021-10-04 03:54:08,75.7,8
2021-10-04 03:54:10,75.7,1
2021-10-04 03:54:11,75.7,2
2021-10-04 03:54:12,75.7,1
2021-10-04 03:54:13,75.725,1
2021-10-04 03:54:14,75.725,4
2021-10-04 03:54:15,75.725,1
2021-10-04 03:54:16,75.7,1
2021-10-04 03:54:16,75.725,7
2021-10-04 03:54:24,75.7,2
2021-10-04 03:54:24,75.725,2
2021-10-04 03:54:28,75.725,2
2021-10-04 03:54:31,75.7,1
2021-10-04 03:54:34,75.7,1
2021-10-04 03:54:37,75.7,2
2021-10-04 03:54:38,75.725,1
2021-10-04 03:54:39,75.725,6
2021-10-04 03:54:43,75.675,5
2021-10-04 03:54:44,75.675,1
2021-10-04 03:54:49,75.7,2
2021-10-04 03:55:03,75.725,1
2021-10-04 03:55:06,75.725,2
2021-10-04 03:55:11,75.725,5
2021-10-04 03:55:12,75.7,1
2021-10-04 03:55:18,75.75,4
2021-10-04 03:55:19,75.75,1
2021-10-04 03:55:22,75.75,5
2021-10-04 03:55:25,75.75,1
2021-10-04 03:55:28,75.75,3
2021-10-04 03:55:29,75.75,2
2021-10-04 03:55:31,75.725,1
2021-10-04 03:55:54,75.7,3
2021-10-04 03:55:56,75.675,1
2021-10-04 03:55:58,75.675,1
2021-10-04 03:56:00,75.65,2
2021-10-04 03:56:01,75.65,2
2021-10-04 03:56:02,75.65,1
2021-10-04 03:56:05,75.65,1
2021-10-04 03:56:35,75.65,3
2021-10-04 03:56:37,75.625,4
2021-10-04 03:56:45,75.65,2
2021-10-04 03:56:46,75.65,2
2021-10-04 03:56:50,75.65,3
2021-10-04 03:56:53,75.65,1
2021-10-04 03:57:03,75.675,2
2021-10-04 03:57:18,75.7,3
2021-10-04 03:57:32,75.7,1
2021-10-04 03:57:34,75.7,1
2021-10-04 03:57:35,75.7,1
2021-10-04 03:57:38,75.7,1
2021-10-04 03:57:41,75.7,1
2021-10-04 03:58:04,75.7,1
2021-10-04 03:58:12,75.7,1
2021-10-04 03:58:14,75.725,4
2021-10-04 03:58:17,75.75,3
2021-10-04 03:58:36,75.75,1
2021-10-04 03:58:39,75.75,1
2021-10-04 03:58:42,75.75,1
2021-10-04 03:58:50,75.775,1
2021-10-04 03:58:52,75.775,3
2021-10-04 03:58:53,75.775,1
2021-10-04 03:58:54,75.775,1
2021-10-04 03:59:03,75.8,1
2021-10-04 03:59:04,75.775,1
2021-10-04 03:59:05,75.775,1
2021-10-04 03:59:05,75.8,14
2021-10-04 03:59:11,75.775,1
2021-10-04 03:59:24,75.775,3
2021-10-04 03:59:41,75.775,1
2021-10-04 03:59:51,75.775,6
2021-10-04 03:59:52,75.775,1
2021-10-04 03:59:55,75.8,1
2021-10-04 03:59:59,75.775,2
2021-10-04 03:59:59,75.75,1
2021-10-04 04:00:00,75.775,3
2021-10-04 04:00:02,75.8,4
2021-10-04 04:00:03,75.8,1
2021-10-04 04:00:04,75.825,1
2021-10-04 04:00:04,75.8,1
2021-10-04 04:00:04,75.775,1
2021-10-04 04:00:05,75.775,1
2021-10-04 04:00:07,75.775,1
2021-10-04 04:00:08,75.8,5
2021-10-04 04:00:10,75.825,3
2021-10-04 04:00:11,75.825,1
2021-10-04 04:00:11,75.85,8
2021-10-04 04:00:12,75.875,2
2021-10-04 04:00:12,75.85,2
2021-10-04 04:00:12,75.875,1
2021-10-04 04:00:13,75.875,1
2021-10-04 04:00:14,75.85,1
2021-10-04 04:00:15,75.85,1
2021-10-04 04:00:17,75.85,2
2021-10-04 04:00:19,75.85,1
2021-10-04 04:00:21,75.875,2
2021-10-04 04:00:24,75.875,1
2021-10-04 04:00:28,75.9,3
2021-10-04 04:00:28,75.925,1
2021-10-04 04:00:28,75.9,3
2021-10-04 04:00:30,75.9,1
2021-10-04 04:00:33,75.925,1
2021-10-04 04:00:33,75.9,1
2021-10-04 04:00:35,75.925,1
2021-10-04 04:00:35,75.9,5
2021-10-04 04:00:37,75.9,1
2021-10-04 04:00:40,75.9,2
2021-10-04 04:00:42,75.9,1
2021-10-04 04:00:50,75.875,2
2021-10-04 04:00:52,75.875,1
2021-10-04 04:00:56,75.9,4
2021-10-04 04:00:57,75.9,1
2021-10-04 04:01:00,75.875,2
2021-10-04 04:01:01,75.85,4
2021-10-04 04:01:02,75.85,1
2021-10-04 04:01:02,75.875,1
2021-10-04 04:01:03,75.875,3
2021-10-04 04:01:06,75.85,1
2021-10-04 04:01:16,75.9,1
2021-10-04 04:01:18,75.875,2
2021-10-04 04:01:20,75.875,3
2021-10-04 04:01:28,75.875,1
2021-10-04 04:01:29,75.875,1
2021-10-04 04:01:31,75.875,1
2021-10-04 04:01:32,75.875,2
2021-10-04 04:01:43,75.875,1
2021-10-04 04:01:44,75.875,1
2021-10-04 04:01:48,75.875,1
2021-10-04 04:01:58,75.875,1
2021-10-04 04:02:02,75.9,7
2021-10-04 04:02:10,75.925,4
2021-10-04 04:02:18,75.875,2
2021-10-04 04:02:31,75.875,1
2021-10-04 04:02:34,75.9,1
2021-10-04 04:02:35,75.925,1
2021-10-04 04:02:36,75.9,1
2021-10-04 04:02:41,75.9,9
2021-10-04 04:02:53,75.925,3
2021-10-04 04:02:55,75.9,3
2021-10-04 04:02:56,75.9,1
2021-10-04 04:03:00,75.9,2
2021-10-04 04:03:00,75.925,1
2021-10-04 04:03:01,75.9,2
2021-10-04 04:03:07,75.9,1
2021-10-04 04:03:22,75.875,1
2021-10-04 04:03:22,75.9,3
2021-10-04 04:03:25,75.875,2
2021-10-04 04:03:25,75.85,6
2021-10-04 04:03:33,75.85,1
2021-10-04 04:03:35,75.85,2
2021-10-04 04:03:36,75.85,1
2021-10-04 04:03:42,75.85,2
2021-10-04 04:03:43,75.85,2
2021-10-04 04:03:45,75.85,1
2021-10-04 04:03:57,75.85,1
2021-10-04 04:04:03,75.85,1
2021-10-04 04:04:05,75.85,1
2021-10-04 04:04:12,75.9,3
2021-10-04 04:04:12,75.925,1
2021-10-04 04:04:12,75.9,1
2021-10-04 04:04:14,75.9,1
2021-10-04 04:04:15,75.875,2
2021-10-04 04:04:34,75.9,2
2021-10-04 04:04:48,75.875,1
2021-10-04 04:04:49,75.875,2
2021-10-04 04:04:51,75.875,1
2021-10-04 04:04:54,75.9,1
2021-10-04 04:04:59,75.9,3
2021-10-04 04:05:08,75.9,1
2021-10-04 04:05:13,75.9,1
2021-10-04 04:05:18,75.9,1
2021-10-04 04:05:29,75.9,2
2021-10-04 04:05:38,75.9,2
2021-10-04 04:05:39,75.925,8
2021-10-04 04:05:41,75.925,1
2021-10-04 04:05:46,75.925,1
2021-10-04 04:05:46,75.9,1
2021-10-04 04:05:50,75.925,1
2021-10-04 04:05:54,75.9,1
2021-10-04 04:05:57,75.9,1
2021-10-04 04:06:24,75.9,1
2021-10-04 04:07:04,75.9,2
2021-10-04 04:07:17,75.9,1
2021-10-04 04:07:51,75.9,1
2021-10-04 04:08:00,75.925,2
2021-10-04 04:08:03,75.95,5
2021-10-04 04:08:11,75.925,1
2021-10-04 04:08:18,75.925,2
2021-10-04 04:08:22,75.95,1
2021-10-04 04:08:23,75.975,10
2021-10-04 04:08:25,75.975,1
2021-10-04 04:08:26,75.975,2
2021-10-04 04:08:28,75.975,1
2021-10-04 04:08:34,75.975,1
2021-10-04 04:09:01,75.95,1
2021-10-04 04:09:05,75.925,1
2021-10-04 04:09:32,75.9,1
2021-10-04 04:10:18,75.925,1
2021-10-04 04:10:29,75.95,1
2021-10-04 04:10:34,75.95,1
2021-10-04 04:10:56,75.925,1
2021-10-04 04:11:00,75.925,1
2021-10-04 04:11:10,75.925,1
2021-10-04 04:11:31,75.95,1
2021-10-04 04:11:34,75.95,1
2021-10-04 04:11:58,75.95,1
2021-10-04 04:12:17,75.95,1
2021-10-04 04:12:35,75.95,1
2021-10-04 04:12:37,75.95,1
2021-10-04 04:12:47,75.95,1
2021-10-04 04:12:49,75.925,1
2021-10-04 04:12:53,75.95,1
2021-10-04 04:12:56,75.95,1
2021-10-04 04:12:59,75.95,1
2021-10-04 04:13:38,75.95,1
2021-10-04 04:14:17,75.95,1
2021-10-04 04:14:29,75.925,1
2021-10-04 04:14:43,75.925,1
2021-10-04 04:14:47,75.9,1
2021-10-04 04:14:50,75.925,2
2021-10-04 04:14:57,75.925,1
2021-10-04 04:15:19,75.925,4
2021-10-04 04:15:34,75.925,2
2021-10-04 04:15:44,75.9,1
2021-10-04 04:15:47,75.9,1
2021-10-04 04:15:49,75.925,1
2021-10-04 04:15:52,75.925,1
2021-10-04 04:15:53,75.925,2
2021-10-04 04:16:40,75.925,5
2021-10-04 04:16:49,75.925,1
2021-10-04 04:17:02,75.95,6
2021-10-04 04:17:08,75.95,3
2021-10-04 04:17:22,75.95,2
2021-10-04 04:17:30,75.975,2
2021-10-04 04:17:37,75.95,2
2021-10-04 04:17:42,75.95,1
2021-10-04 04:17:45,75.95,1
2021-10-04 04:17:48,75.95,1
2021-10-04 04:17:53,75.975,1
2021-10-04 04:17:55,75.95,1
2021-10-04 04:18:31,75.95,1
2021-10-04 04:18:31,75.925,1
2021-10-04 04:18:33,75.95,2
2021-10-04 04:18:39,75.95,1
2021-10-04 04:18:43,75.975,1
2021-10-04 04:18:46,75.975,2
2021-10-04 04:18:51,75.975,1
2021-10-04 04:19:00,75.975,1
2021-10-04 04:19:04,75.975,4
2021-10-04 04:19:11,75.975,1
2021-10-04 04:19:12,75.975,1
2021-10-04 04:19:21,75.975,1
2021-10-04 04:19:35,75.975,1
2021-10-04 04:19:46,75.975,2
2021-10-04 04:19:51,76.0,16
2021-10-04 04:19:52,76.0,1
2021-10-04 04:20:20,76.0,1
2021-10-04 04:20:21,76.0,3
2021-10-04 04:20:39,76.025,2
2021-10-04 04:20:40,76.025,1
2021-10-04 04:20:41,76.025,1
2021-10-04 04:20:42,76.0,2
2021-10-04 04:20:43,76.0,1
2021-10-04 04:20:48,76.0,1
2021-10-04 04:20:53,76.0,2
2021-10-04 04:20:58,75.975,2
2021-10-04 04:21:04,75.975,3
2021-10-04 04:21:40,75.95,1
2021-10-04 04:21:45,75.95,2
2021-10-04 04:21:51,75.95,5
2021-10-04 04:21:53,75.95,1
2021-10-04 04:21:55,75.95,2
2021-10-04 04:22:37,75.95,1
2021-10-04 04:22:48,75.95,1
2021-10-04 04:22:54,75.925,1
2021-10-04 04:24:09,75.925,1
2021-10-04 04:24:11,75.925,1
2021-10-04 04:24:13,75.925,1
2021-10-04 04:24:57,75.925,2
2021-10-04 04:25:16,75.925,2
2021-10-04 04:25:18,75.925,2
2021-10-04 04:25:28,75.9,21
2021-10-04 04:25:46,75.9,1
2021-10-04 04:25:50,75.9,1
2021-10-04 04:25:55,75.9,2
2021-10-04 04:26:09,75.9,3
2021-10-04 04:26:15,75.9,1
2021-10-04 04:26:20,75.875,2
2021-10-04 04:26:23,75.875,3
2021-10-04 04:26:25,75.85,2
2021-10-04 04:26:25,75.825,1
2021-10-04 04:26:25,75.85,4
2021-10-04 04:26:26,75.875,2
2021-10-04 04:26:36,75.85,1
2021-10-04 04:26:36,75.875,1
2021-10-04 04:27:18,75.9,1
2021-10-04 04:27:20,75.9,1
2021-10-04 04:27:24,75.9,1
2021-10-04 04:27:33,75.925,2
2021-10-04 04:27:35,75.925,1
2021-10-04 04:27:43,75.925,2
2021-10-04 04:27:44,75.925,1
2021-10-04 04:28:02,75.925,1
2021-10-04 04:28:06,75.925,2
2021-10-04 04:28:07,75.925,10
2021-10-04 04:28:08,75.925,1
2021-10-04 04:28:09,75.925,1
2021-10-04 04:28:10,75.925,1
2021-10-04 04:28:13,75.925,1
2021-10-04 04:28:19,75.95,1
2021-10-04 04:28:21,75.95,1
2021-10-04 04:28:24,75.95,2
2021-10-04 04:28:35,75.925,11
2021-10-04 04:28:44,75.925,1
2021-10-04 04:28:58,75.925,1
2021-10-04 04:28:58,75.95,10
2021-10-04 04:28:58,75.975,2
2021-10-04 04:28:58,75.95,8
2021-10-04 04:29:00,75.925,4
2021-10-04 04:29:03,75.9,4
2021-10-04 04:29:07,75.9,3
2021-10-04 04:29:08,75.9,1
2021-10-04 04:29:21,75.9,2
2021-10-04 04:29:24,75.9,3
2021-10-04 04:29:32,75.9,1
2021-10-04 04:29:33,75.9,1
2021-10-04 04:29:37,75.875,1
2021-10-04 04:29:38,75.875,1
2021-10-04 04:29:48,75.875,2
2021-10-04 04:29:52,75.875,4
2021-10-04 04:29:56,75.875,2
2021-10-04 04:29:58,75.875,2
2021-10-04 04:30:00,75.875,2
2021-10-04 04:30:01,75.85,9
2021-10-04 04:30:08,75.85,1
2021-10-04 04:30:13,75.85,2
2021-10-04 04:30:14,75.85,1
2021-10-04 04:30:17,75.825,6
2021-10-04 04:30:17,75.8,2
2021-10-04 04:30:18,75.8,2
2021-10-04 04:30:20,75.825,1
2021-10-04 04:30:23,75.85,2
2021-10-04 04:30:40,75.825,1
2021-10-04 04:31:03,75.8,2
2021-10-04 04:31:03,75.775,1
2021-10-04 04:31:05,75.775,2
2021-10-04 04:31:06,75.775,1
2021-10-04 04:31:07,75.775,1
2021-10-04 04:31:08,75.8,1
2021-10-04 04:31:09,75.775,1
2021-10-04 04:31:15,75.775,1
2021-10-04 04:31:23,75.775,1
2021-10-04 04:31:32,75.775,1
2021-10-04 04:31:44,75.775,1
2021-10-04 04:31:52,75.75,1
2021-10-04 04:31:59,75.775,5
2021-10-04 04:32:28,75.775,1
2021-10-04 04:32:42,75.775,1
2021-10-04 04:33:04,75.775,1
2021-10-04 04:33:20,75.8,3
2021-10-04 04:33:49,75.8,1
2021-10-04 04:33:51,75.8,2
2021-10-04 04:33:52,75.8,2
2021-10-04 04:34:01,75.8,1
2021-10-04 04:34:11,75.8,1
2021-10-04 04:34:34,75.775,1
2021-10-04 04:34:48,75.775,1
2021-10-04 04:34:51,75.75,2
2021-10-04 04:34:53,75.75,1
2021-10-04 04:35:00,75.775,1
2021-10-04 04:35:18,75.775,1
2021-10-04 04:35:26,75.75,1
2021-10-04 04:35:44,75.75,1
2021-10-04 04:35:51,75.725,1
2021-10-04 04:35:51,75.75,1
2021-10-04 04:35:51,75.725,3
2021-10-04 04:36:24,75.75,1
2021-10-04 04:36:26,75.75,1
2021-10-04 04:36:28,75.725,1
2021-10-04 04:36:31,75.725,3
2021-10-04 04:36:37,75.725,1
2021-10-04 04:36:55,75.725,1
2021-10-04 04:37:04,75.725,1
2021-10-04 04:37:05,75.725,3
2021-10-04 04:37:06,75.725,1
2021-10-04 04:37:12,75.725,1
2021-10-04 04:37:54,75.725,5
2021-10-04 04:38:07,75.725,1
2021-10-04 04:38:09,75.725,1
2021-10-04 04:38:14,75.725,1
2021-10-04 04:38:18,75.725,1
2021-10-04 04:38:34,75.75,2
2021-10-04 04:38:35,75.75,1
2021-10-04 04:38:50,75.775,1
2021-10-04 04:38:51,75.75,1
2021-10-04 04:39:16,75.75,1
2021-10-04 04:40:07,75.75,2
2021-10-04 04:40:08,75.775,1
2021-10-04 04:40:11,75.8,1
2021-10-04 04:40:24,75.8,1
2021-10-04 04:40:39,75.8,3
2021-10-04 04:40:43,75.8,2
2021-10-04 04:40:43,75.775,2
2021-10-04 04:40:49,75.775,1
2021-10-04 04:40:58,75.8,3
2021-10-04 04:41:17,75.825,1
2021-10-04 04:41:21,75.825,2
2021-10-04 04:41:32,75.825,1
2021-10-04 04:41:38,75.825,1
2021-10-04 04:41:48,75.825,2
2021-10-04 04:41:57,75.825,1
2021-10-04 04:41:58,75.825,1
2021-10-04 04:42:14,75.8,1
2021-10-04 04:42:34,75.8,1
2021-10-04 04:42:38,75.8,1
2021-10-04 04:42:43,75.8,1
2021-10-04 04:42:44,75.8,1
2021-10-04 04:42:58,75.8,1
2021-10-04 04:43:17,75.8,1
2021-10-04 04:43:40,75.8,1
2021-10-04 04:43:42,75.8,1
2021-10-04 04:44:22,75.8,1
2021-10-04 04:44:25,75.8,4
2021-10-04 04:44:26,75.775,1
2021-10-04 04:44:33,75.75,1
2021-10-04 04:44:33,75.725,1
2021-10-04 04:44:34,75.75,1
2021-10-04 04:44:39,75.75,1
2021-10-04 04:45:00,75.725,1
2021-10-04 04:45:16,75.7,2
2021-10-04 04:45:16,75.675,5
2021-10-04 04:45:24,75.675,1
2021-10-04 04:45:40,75.7,1
2021-10-04 04:45:47,75.7,2
2021-10-04 04:46:15,75.7,1
2021-10-04 04:46:44,75.725,1
2021-10-04 04:46:48,75.725,1
2021-10-04 04:46:52,75.725,1
2021-10-04 04:47:01,75.7,1
2021-10-04 04:47:05,75.7,2
2021-10-04 04:47:15,75.725,1
2021-10-04 04:47:16,75.725,1
2021-10-04 04:47:19,75.725,1
2021-10-04 04:47:31,75.7,3
2021-10-04 04:47:57,75.7,1
2021-10-04 04:48:43,75.7,1
2021-10-04 04:48:51,75.7,1
2021-10-04 04:49:24,75.675,5
2021-10-04 04:49:32,75.675,1
2021-10-04 04:51:16,75.7,3
2021-10-04 04:51:16,75.725,7
2021-10-04 04:51:22,75.75,2
2021-10-04 04:51:26,75.75,1
2021-10-04 04:51:40,75.725,6
2021-10-04 04:51:40,75.7,2
2021-10-04 04:51:53,75.7,1
2021-10-04 04:51:57,75.7,1
2021-10-04 04:52:00,75.7,1
2021-10-04 04:52:17,75.7,2
2021-10-04 04:52:21,75.7,1
2021-10-04 04:52:30,75.7,1
2021-10-04 04:52:35,75.7,1
2021-10-04 04:52:39,75.725,1
2021-10-04 04:52:46,75.725,1
2021-10-04 04:53:05,75.725,1
2021-10-04 04:53:16,75.725,1
2021-10-04 04:53:36,75.725,1
2021-10-04 04:53:43,75.75,2
2021-10-04 04:53:44,75.75,1
2021-10-04 04:53:47,75.775,4
2021-10-04 04:53:52,75.8,2
2021-10-04 04:53:53,75.8,1
2021-10-04 04:53:53,75.775,1
2021-10-04 04:54:06,75.75,1
2021-10-04 04:54:45,75.75,1
2021-10-04 04:54:49,75.75,1
2021-10-04 04:54:57,75.725,1
2021-10-04 04:55:01,75.7,1
2021-10-04 04:55:08,75.7,2
2021-10-04 04:55:18,75.675,1
2021-10-04 04:55:19,75.675,1
2021-10-04 04:55:25,75.675,1
2021-10-04 04:55:50,75.7,1
2021-10-04 04:56:11,75.7,2
2021-10-04 04:56:30,75.75,1
2021-10-04 04:56:37,75.75,1
2021-10-04 04:57:05,75.725,2
2021-10-04 04:57:14,75.725,2
2021-10-04 04:58:14,75.75,2
2021-10-04 04:58:15,75.75,1
2021-10-04 04:58:29,75.75,1
2021-10-04 04:58:30,75.75,1
2021-10-04 04:58:32,75.75,1
2021-10-04 04:58:37,75.75,1
2021-10-04 04:58:39,75.75,2
2021-10-04 04:58:44,75.75,1
2021-10-04 04:59:54,75.775,1
2021-10-04 05:00:00,75.775,2
2021-10-04 05:00:02,75.775,1
2021-10-04 05:00:10,75.775,1
2021-10-04 05:00:19,75.8,2
2021-10-04 05:00:26,75.8,1
2021-10-04 05:00:26,75.825,2
2021-10-04 05:00:27,75.825,1
2021-10-04 05:00:31,75.8,4
2021-10-04 05:00:33,75.8,1
2021-10-04 05:00:39,75.775,1
2021-10-04 05:00:44,75.775,2
2021-10-04 05:01:06,75.775,1
2021-10-04 05:01:10,75.775,1
2021-10-04 05:01:15,75.775,1
2021-10-04 05:01:19,75.775,2
2021-10-04 05:01:25,75.775,1
2021-10-04 05:01:44,75.75,4
2021-10-04 05:01:52,75.75,1
2021-10-04 05:02:00,75.75,2
2021-10-04 05:02:29,75.75,1
2021-10-04 05:02:44,75.775,1
2021-10-04 05:02:48,75.8,1
2021-10-04 05:03:06,75.8,1
2021-10-04 05:03:08,75.8,1
2021-10-04 05:03:15,75.8,2
2021-10-04 05:03:36,75.8,1
2021-10-04 05:03:40,75.8,2
2021-10-04 05:03:40,75.825,7
2021-10-04 05:03:45,75.825,1
2021-10-04 05:03:50,75.825,1
2021-10-04 05:04:06,75.8,2
2021-10-04 05:04:11,75.8,1
2021-10-04 05:04:14,75.8,1
2021-10-04 05:04:27,75.8,1
2021-10-04 05:04:53,75.8,2
2021-10-04 05:05:02,75.8,1
2021-10-04 05:05:52,75.8,1
2021-10-04 05:06:07,75.8,1
2021-10-04 05:06:19,75.825,1
2021-10-04 05:06:22,75.825,1
2021-10-04 05:06:37,75.8,2
2021-10-04 05:06:41,75.8,2
2021-10-04 05:06:46,75.8,2
2021-10-04 05:07:03,75.8,1
2021-10-04 05:07:07,75.8,1
2021-10-04 05:07:10,75.8,3
2021-10-04 05:07:23,75.775,2
2021-10-04 05:07:27,75.775,1
2021-10-04 05:07:29,75.775,2
2021-10-04 05:07:30,75.775,1
2021-10-04 05:07:44,75.8,1
2021-10-04 05:08:32,75.8,1
2021-10-04 05:08:35,75.825,3
2021-10-04 05:08:38,75.825,5
2021-10-04 05:08:43,75.825,1
2021-10-04 05:08:47,75.825,1
2021-10-04 05:09:31,75.8,1
2021-10-04 05:11:05,75.8,1
2021-10-04 05:11:19,75.825,3
2021-10-04 05:11:51,75.825,1
2021-10-04 05:11:53,75.825,1
2021-10-04 05:12:31,75.825,1
2021-10-04 05:12:39,75.8,1
2021-10-04 05:12:53,75.825,1
2021-10-04 05:12:58,75.825,1
2021-10-04 05:13:25,75.825,1
2021-10-04 05:14:03,75.825,2
2021-10-04 05:14:04,75.825,5
2021-10-04 05:14:05,75.825,3
2021-10-04 05:14:06,75.825,2
2021-10-04 05:14:07,75.825,3
2021-10-04 05:14:08,75.825,1
2021-10-04 05:14:10,75.825,2
2021-10-04 05:14:14,75.825,3
2021-10-04 05:14:15,75.825,2
2021-10-04 05:14:46,75.825,1
2021-10-04 05:15:07,75.825,1
2021-10-04 05:15:13,75.825,1
2021-10-04 05:15:14,75.825,4
2021-10-04 05:15:28,75.825,1
2021-10-04 05:15:34,75.825,1
2021-10-04 05:15:44,75.825,1
2021-10-04 05:16:24,75.8,3
2021-10-04 05:17:56,75.8,1
2021-10-04 05:18:28,75.775,1
2021-10-04 05:18:36,75.75,4
2021-10-04 05:18:52,75.75,6
2021-10-04 05:19:20,75.775,1
2021-10-04 05:20:01,75.775,1
2021-10-04 05:21:15,75.75,1
2021-10-04 05:22:21,75.75,2
2021-10-04 05:22:25,75.75,1
2021-10-04 05:22:43,75.725,2
2021-10-04 05:22:43,75.75,1
2021-10-04 05:22:56,75.775,1
2021-10-04 05:23:02,75.75,2
2021-10-04 05:23:28,75.775,1
2021-10-04 05:24:46,75.725,1
2021-10-04 05:25:07,75.725,2
2021-10-04 05:25:46,75.725,2
2021-10-04 05:25:52,75.725,1
2021-10-04 05:26:01,75.725,1
2021-10-04 05:26:33,75.725,1
2021-10-04 05:26:38,75.725,1
2021-10-04 05:26:44,75.75,1
2021-10-04 05:27:06,75.75,3
2021-10-04 05:27:17,75.75,1
2021-10-04 05:28:05,75.775,1
2021-10-04 05:28:06,75.775,1
2021-10-04 05:28:21,75.775,1
2021-10-04 05:28:25,75.75,5
2021-10-04 05:28:37,75.75,1
2021-10-04 05:28:40,75.75,1
2021-10-04 05:28:59,75.75,1
2021-10-04 05:29:18,75.75,1
2021-10-04 05:30:23,75.725,1
2021-10-04 05:30:26,75.725,1
2021-10-04 05:30:45,75.75,4
2021-10-04 05:30:45,75.775,5
2021-10-04 05:31:24,75.775,4
2021-10-04 05:31:45,75.75,2
2021-10-04 05:31:50,75.725,1
2021-10-04 05:31:52,75.725,1
2021-10-04 05:32:12,75.725,1
2021-10-04 05:32:29,75.725,1
2021-10-04 05:32:53,75.725,1
2021-10-04 05:33:01,75.7,10
2021-10-04 05:33:02,75.7,2
2021-10-04 05:33:03,75.7,3
2021-10-04 05:33:10,75.7,2
2021-10-04 05:33:22,75.7,2
2021-10-04 05:33:31,75.725,1
2021-10-04 05:33:37,75.725,1
2021-10-04 05:33:39,75.725,1
2021-10-04 05:34:25,75.75,2
2021-10-04 05:35:06,75.75,4
2021-10-04 05:35:09,75.75,1
2021-10-04 05:35:16,75.75,1
2021-10-04 05:36:20,75.75,1
2021-10-04 05:36:22,75.75,1
2021-10-04 05:37:34,75.8,3
2021-10-04 05:37:54,75.825,1
2021-10-04 05:37:59,75.825,1
2021-10-04 05:38:00,75.8,1
2021-10-04 05:38:06,75.8,1
2021-10-04 05:38:14,75.8,3
2021-10-04 05:38:20,75.825,2
2021-10-04 05:38:24,75.825,1
2021-10-04 05:38:32,75.825,1
2021-10-04 05:38:33,75.825,1
2021-10-04 05:38:39,75.825,2
2021-10-04 05:38:40,75.825,1
2021-10-04 05:38:50,75.85,8
2021-10-04 05:39:07,75.825,2
2021-10-04 05:39:11,75.8,1
2021-10-04 05:40:41,75.825,1
2021-10-04 05:41:10,75.825,1
2021-10-04 05:41:19,75.825,1
2021-10-04 05:41:23,75.85,1
2021-10-04 05:41:36,75.825,1
2021-10-04 05:41:44,75.8,2
2021-10-04 05:41:52,75.8,1
2021-10-04 05:42:02,75.8,1
2021-10-04 05:42:25,75.825,2
2021-10-04 05:43:49,75.825,1
2021-10-04 05:44:40,75.825,1
2021-10-04 05:45:08,75.825,1
2021-10-04 05:45:37,75.825,9
2021-10-04 05:46:47,75.825,1
2021-10-04 05:46:48,75.825,1
2021-10-04 05:46:54,75.85,3
2021-10-04 05:46:56,75.85,3
2021-10-04 05:46:57,75.85,1
2021-10-04 05:47:05,75.85,2
2021-10-04 05:47:19,75.85,1
2021-10-04 05:47:25,75.875,3
2021-10-04 05:47:31,75.875,2
2021-10-04 05:47:36,75.875,1
2021-10-04 05:47:46,75.875,6
2021-10-04 05:47:52,75.875,1
2021-10-04 05:48:12,75.85,6
2021-10-04 05:48:16,75.85,1
2021-10-04 05:49:08,75.85,1
2021-10-04 05:49:45,75.875,2
2021-10-04 05:49:47,75.9,3
2021-10-04 05:49:47,75.925,3
2021-10-04 05:49:48,75.925,1
2021-10-04 05:49:56,75.9,2
2021-10-04 05:50:04,75.9,1
2021-10-04 05:50:05,75.9,2
2021-10-04 05:50:22,75.925,1
2021-10-04 05:50:28,75.925,1
2021-10-04 05:50:49,75.95,3
2021-10-04 05:50:50,75.95,1
2021-10-04 05:50:55,75.925,1
2021-10-04 05:50:55,75.95,5
2021-10-04 05:50:58,75.95,1
2021-10-04 05:51:02,75.95,1
2021-10-04 05:51:13,75.925,2
2021-10-04 05:51:14,75.925,1
2021-10-04 05:51:26,75.925,1
2021-10-04 05:51:28,75.925,1
2021-10-04 05:51:45,75.925,1
2021-10-04 05:51:46,75.925,1
2021-10-04 05:51:47,75.95,3
2021-10-04 05:51:53,75.95,1
2021-10-04 05:52:10,75.95,1
2021-10-04 05:52:28,75.925,1
2021-10-04 05:52:29,75.95,1
2021-10-04 05:52:34,75.925,2
2021-10-04 05:52:41,75.925,1
2021-10-04 05:53:20,75.9,2
2021-10-04 05:53:51,75.9,1
2021-10-04 05:54:29,75.9,1
2021-10-04 05:54:43,75.9,1
2021-10-04 05:55:01,75.9,1
2021-10-04 05:55:02,75.9,2
2021-10-04 05:55:08,75.925,3
2021-10-04 05:55:18,75.925,1
2021-10-04 05:55:28,75.925,1
2021-10-04 05:55:49,75.925,1
2021-10-04 05:56:03,75.925,2
2021-10-04 05:56:16,75.925,1
2021-10-04 05:56:44,75.925,1
2021-10-04 05:57:02,75.9,1
2021-10-04 05:58:08,75.9,2
2021-10-04 05:58:31,75.925,2
2021-10-04 05:58:36,75.925,1
2021-10-04 05:59:45,75.925,1
2021-10-04 06:00:26,75.9,2
2021-10-04 06:00:38,75.9,1
2021-10-04 06:01:02,75.875,1
2021-10-04 06:01:03,75.875,5
2021-10-04 06:01:35,75.875,1
2021-10-04 06:01:44,75.875,1
2021-10-04 06:01:58,75.9,5
2021-10-04 06:02:12,75.95,6
2021-10-04 06:02:13,75.95,3
2021-10-04 06:02:47,75.925,2
2021-10-04 06:02:51,75.925,1
2021-10-04 06:03:08,75.9,1
2021-10-04 06:04:14,75.875,1
2021-10-04 06:04:57,75.875,3
2021-10-04 06:05:02,75.875,1
2021-10-04 06:05:24,75.875,1
2021-10-04 06:05:37,75.9,2
2021-10-04 06:05:48,75.9,1
2021-10-04 06:06:43,75.9,10
2021-10-04 06:07:19,75.925,1
2021-10-04 06:07:31,75.95,4
2021-10-04 06:07:33,75.95,1
2021-10-04 06:07:39,75.95,2
2021-10-04 06:07:41,75.95,1
2021-10-04 06:08:08,75.95,1
2021-10-04 06:08:11,75.95,3
2021-10-04 06:08:14,75.95,1
2021-10-04 06:08:47,75.975,1
2021-10-04 06:08:59,75.975,2
2021-10-04 06:09:05,75.975,1
2021-10-04 06:09:53,75.975,1
2021-10-04 06:10:00,75.975,1
2021-10-04 06:10:01,75.975,1
2021-10-04 06:10:13,76.0,5
2021-10-04 06:10:16,76.0,1
2021-10-04 06:10:17,76.0,1
2021-10-04 06:10:18,76.0,1
2021-10-04 06:10:20,76.0,1
2021-10-04 06:10:25,76.0,1
2021-10-04 06:10:31,76.0,1
2021-10-04 06:10:39,75.975,2
2021-10-04 06:10:41,75.975,5
2021-10-04 06:11:02,76.0,5
2021-10-04 06:11:02,76.025,2
2021-10-04 06:11:04,76.025,1
2021-10-04 06:11:17,76.025,1
2021-10-04 06:11:27,76.0,2
2021-10-04 06:11:28,75.975,2
2021-10-04 06:11:50,75.975,1
2021-10-04 06:12:00,76.0,7
2021-10-04 06:12:05,76.0,1
2021-10-04 06:12:08,76.0,2
2021-10-04 06:12:38,76.025,1
2021-10-04 06:12:40,76.0,2
2021-10-04 06:12:50,76.0,2
2021-10-04 06:13:01,76.025,7
2021-10-04 06:13:05,76.0,1
2021-10-04 06:13:08,76.025,1
2021-10-04 06:13:20,76.0,1
2021-10-04 06:13:30,75.975,2
2021-10-04 06:14:17,76.0,1
2021-10-04 06:14:18,76.0,1
2021-10-04 06:14:26,76.0,1
2021-10-04 06:15:09,76.0,1
2021-10-04 06:15:13,76.0,1
2021-10-04 06:15:15,76.0,1
2021-10-04 06:15:26,76.0,1
2021-10-04 06:15:31,76.0,1
2021-10-04 06:15:48,76.0,3
2021-10-04 06:15:52,75.975,2
2021-10-04 06:16:22,75.975,1
2021-10-04 06:16:45,75.975,1
2021-10-04 06:17:17,75.975,1
2021-10-04 06:17:19,75.975,1
2021-10-04 06:17:21,75.975,2
2021-10-04 06:17:28,75.975,1
2021-10-04 06:17:39,75.975,1
2021-10-04 06:18:03,75.95,2
2021-10-04 06:18:23,75.95,1
2021-10-04 06:18:27,75.975,1
2021-10-04 06:18:35,75.975,1
2021-10-04 06:18:53,75.975,3
2021-10-04 06:19:18,75.975,1
2021-10-04 06:19:31,75.975,2
2021-10-04 06:19:37,75.975,2
2021-10-04 06:20:04,75.975,1
2021-10-04 06:20:11,75.975,1
2021-10-04 06:20:21,75.95,1
2021-10-04 06:20:31,75.95,1
2021-10-04 06:20:37,75.95,1
2021-10-04 06:20:56,75.975,4
2021-10-04 06:20:59,75.975,1
2021-10-04 06:21:01,75.975,1
2021-10-04 06:21:05,75.975,1
2021-10-04 06:21:26,75.975,1
2021-10-04 06:21:35,75.95,1
2021-10-04 06:21:36,75.95,2
2021-10-04 06:22:03,75.975,1
2021-10-04 06:22:43,75.975,1
2021-10-04 06:23:06,75.975,1
2021-10-04 06:23:12,75.95,1
2021-10-04 06:23:14,75.95,1
2021-10-04 06:23:55,75.925,5
2021-10-04 06:24:10,75.925,1
2021-10-04 06:24:38,75.95,10
2021-10-04 06:24:42,75.95,1
2021-10-04 06:25:38,75.95,2
2021-10-04 06:26:14,75.95,1
2021-10-04 06:27:02,75.975,1
2021-10-04 06:28:34,75.975,1
2021-10-04 06:28:55,75.975,1
2021-10-04 06:29:34,75.975,1
2021-10-04 06:29:47,75.975,1
2021-10-04 06:29:58,75.975,4
2021-10-04 06:30:05,75.975,1
2021-10-04 06:30:52,75.975,1
2021-10-04 06:30:55,75.975,1
2021-10-04 06:31:08,75.975,1
2021-10-04 06:31:37,75.975,1
2021-10-04 06:31:46,75.975,1
2021-10-04 06:32:47,75.975,2
2021-10-04 06:33:18,75.95,3
2021-10-04 06:34:16,75.925,4
2021-10-04 06:34:26,75.925,1
2021-10-04 06:34:48,75.925,1
2021-10-04 06:35:42,75.925,1
2021-10-04 06:36:08,75.925,1
2021-10-04 06:36:37,75.95,2
2021-10-04 06:36:51,75.95,1
2021-10-04 06:37:19,75.95,1
2021-10-04 06:37:43,75.975,1
2021-10-04 06:38:00,75.975,9
2021-10-04 06:38:16,76.0,1
2021-10-04 06:38:19,75.975,1
2021-10-04 06:38:50,75.95,1
2021-10-04 06:38:54,75.95,1
2021-10-04 06:39:20,75.95,1
2021-10-04 06:39:24,75.975,2
2021-10-04 06:39:31,75.975,3
2021-10-04 06:40:03,76.0,5
2021-10-04 06:40:07,76.0,1
2021-10-04 06:40:09,76.0,1
2021-10-04 06:40:11,76.0,2
2021-10-04 06:40:17,76.0,1
2021-10-04 06:40:19,76.0,1
2021-10-04 06:40:28,76.0,1
2021-10-04 06:40:30,76.0,1
2021-10-04 06:40:41,76.0,1
2021-10-04 06:40:50,75.975,1
2021-10-04 06:40:54,75.975,1
2021-10-04 06:41:38,75.95,1
2021-10-04 06:41:39,75.95,1
2021-10-04 06:41:44,75.95,2
2021-10-04 06:41:49,75.95,1
2021-10-04 06:41:57,75.95,1
2021-10-04 06:42:10,75.95,1
2021-10-04 06:42:53,75.925,4
2021-10-04 06:43:25,75.9,2
2021-10-04 06:43:52,75.925,1
2021-10-04 06:44:15,75.95,2
2021-10-04 06:44:16,75.95,2
2021-10-04 06:45:00,75.925,1
2021-10-04 06:45:34,75.925,1
2021-10-04 06:45:39,75.925,1
2021-10-04 06:45:48,75.925,1
2021-10-04 06:46:02,75.95,4
2021-10-04 06:46:05,75.95,1
2021-10-04 06:48:28,75.925,1
2021-10-04 06:50:40,75.95,2
2021-10-04 06:51:47,75.975,2
2021-10-04 06:51:48,75.975,2
2021-10-04 06:52:44,75.95,1
2021-10-04 06:52:48,75.975,1
2021-10-04 06:53:03,75.975,1
2021-10-04 06:53:16,75.975,1
2021-10-04 06:53:24,75.975,1
2021-10-04 06:54:07,76.0,1
2021-10-04 06:54:08,76.0,1
2021-10-04 06:54:27,76.0,1
2021-10-04 06:54:58,75.975,1
2021-10-04 06:56:33,75.975,1
2021-10-04 06:57:07,75.975,2
2021-10-04 06:57:08,75.975,1
2021-10-04 06:57:32,75.975,1
2021-10-04 06:58:50,76.0,1
2021-10-04 06:58:56,76.0,1
2021-10-04 06:58:58,76.0,2
2021-10-04 06:59:00,76.0,2
2021-10-04 06:59:08,76.0,1
2021-10-04 06:59:48,75.975,1
2021-10-04 07:01:19,75.975,1
2021-10-04 07:01:35,75.95,4
2021-10-04 07:01:59,75.95,4
2021-10-04 07:02:08,75.925,12
2021-10-04 07:02:10,75.925,1
2021-10-04 07:02:26,75.925,2
2021-10-04 07:02:32,75.925,1
2021-10-04 07:02:35,75.925,1
2021-10-04 07:02:37,75.925,1
2021-10-04 07:02:40,75.925,1
2021-10-04 07:02:41,75.925,1
2021-10-04 07:02:44,75.925,1
2021-10-04 07:02:53,75.925,3
2021-10-04 07:02:54,75.925,1
2021-10-04 07:03:34,75.95,6
2021-10-04 07:03:59,75.95,1
2021-10-04 07:04:15,75.95,1
2021-10-04 07:04:55,75.925,4
2021-10-04 07:05:12,75.925,1
2021-10-04 07:05:13,75.925,1
2021-10-04 07:05:14,75.925,1
2021-10-04 07:05:16,75.925,1
2021-10-04 07:05:29,75.925,1
2021-10-04 07:05:29,75.9,16
2021-10-04 07:05:30,75.925,6
2021-10-04 07:05:44,75.925,3
2021-10-04 07:05:58,75.925,2
2021-10-04 07:06:00,75.925,1
2021-10-04 07:06:01,75.925,1
2021-10-04 07:06:16,75.9,1
2021-10-04 07:06:24,75.9,1
2021-10-04 07:06:28,75.9,1
2021-10-04 07:06:29,75.925,2
2021-10-04 07:07:21,75.95,2
2021-10-04 07:08:00,75.95,1
2021-10-04 07:08:51,75.95,2
2021-10-04 07:08:57,75.975,10
2021-10-04 07:09:08,75.975,1
2021-10-04 07:09:18,75.975,1
2021-10-04 07:10:26,75.975,1
2021-10-04 07:10:30,75.95,1
2021-10-04 07:10:37,75.95,1
2021-10-04 07:10:53,75.975,1
2021-10-04 07:11:02,76.0,4
2021-10-04 07:11:03,76.0,7
2021-10-04 07:11:04,76.0,5
2021-10-04 07:11:06,76.0,2
2021-10-04 07:11:28,76.0,1
2021-10-04 07:11:39,76.025,7
2021-10-04 07:11:40,76.05,5
2021-10-04 07:11:41,76.05,2
2021-10-04 07:11:42,76.05,2
2021-10-04 07:11:45,76.05,1
2021-10-04 07:11:49,76.075,12
2021-10-04 07:12:08,76.075,1
2021-10-04 07:12:19,76.075,2
2021-10-04 07:12:33,76.075,4
2021-10-04 07:12:34,76.075,1
2021-10-04 07:12:35,76.075,1
2021-10-04 07:12:36,76.075,5
2021-10-04 07:12:37,76.075,1
2021-10-04 07:12:38,76.075,1
2021-10-04 07:12:45,76.075,2
2021-10-04 07:12:47,76.075,2
2021-10-04 07:12:52,76.075,1
2021-10-04 07:12:53,76.05,1
2021-10-04 07:12:55,76.075,1
2021-10-04 07:13:09,76.05,4
2021-10-04 07:13:12,76.05,2
2021-10-04 07:13:13,76.05,1
2021-10-04 07:13:14,76.025,1
2021-10-04 07:13:45,76.05,3
2021-10-04 07:13:49,76.05,1
2021-10-04 07:13:52,76.05,1
2021-10-04 07:13:56,76.05,1
2021-10-04 07:14:01,76.05,2
2021-10-04 07:14:12,76.05,2
2021-10-04 07:14:12,76.075,1
2021-10-04 07:14:14,76.05,1
2021-10-04 07:15:03,76.075,3
2021-10-04 07:16:28,76.075,2
2021-10-04 07:16:30,76.1,17
2021-10-04 07:16:31,76.125,7
2021-10-04 07:16:31,76.15,1
2021-10-04 07:16:31,76.125,1
2021-10-04 07:16:36,76.125,1
2021-10-04 07:16:38,76.125,1
2021-10-04 07:16:50,76.125,1
2021-10-04 07:16:53,76.125,1
2021-10-04 07:17:00,76.1,1
2021-10-04 07:17:16,76.125,3
2021-10-04 07:17:19,76.15,2
2021-10-04 07:17:26,76.15,1
2021-10-04 07:17:30,76.15,10
2021-10-04 07:17:37,76.125,1
2021-10-04 07:17:43,76.15,2
2021-10-04 07:17:50,76.125,1
2021-10-04 07:18:01,76.125,1
2021-10-04 07:18:11,76.125,1
2021-10-04 07:18:35,76.125,1
2021-10-04 07:18:36,76.125,1
2021-10-04 07:18:39,76.125,1
2021-10-04 07:19:08,76.15,3
2021-10-04 07:19:11,76.125,1
2021-10-04 07:19:12,76.15,2
2021-10-04 07:19:33,76.125,1
2021-10-04 07:20:17,76.1,3
2021-10-04 07:20:29,76.125,1
2021-10-04 07:20:53,76.125,3
2021-10-04 07:21:10,76.125,2
2021-10-04 07:21:12,76.125,1
2021-10-04 07:21:15,76.125,1
2021-10-04 07:21:23,76.1,3
2021-10-04 07:21:27,76.1,3
2021-10-04 07:21:28,76.1,1
2021-10-04 07:21:30,76.1,1
2021-10-04 07:21:32,76.1,1
2021-10-04 07:21:34,76.1,1
2021-10-04 07:21:49,76.1,1
2021-10-04 07:22:32,76.1,1
2021-10-04 07:22:42,76.125,2
2021-10-04 07:22:46,76.125,1
2021-10-04 07:23:37,76.075,1
2021-10-04 07:23:37,76.05,1
2021-10-04 07:23:37,76.075,2
2021-10-04 07:23:43,76.075,2
2021-10-04 07:23:47,76.075,1
2021-10-04 07:24:08,76.075,1
2021-10-04 07:24:58,76.075,2
2021-10-04 07:25:21,76.05,1
2021-10-04 07:25:21,76.075,2
2021-10-04 07:25:24,76.075,1
2021-10-04 07:25:42,76.075,4
2021-10-04 07:25:42,76.05,6
2021-10-04 07:25:42,76.025,3
2021-10-04 07:25:42,76.0,5
2021-10-04 07:25:42,76.025,3
2021-10-04 07:25:42,76.05,3
2021-10-04 07:25:42,76.025,7
2021-10-04 07:25:42,76.0,3
2021-10-04 07:25:42,76.025,2
2021-10-04 07:25:42,76.0,9
2021-10-04 07:25:43,75.975,1
2021-10-04 07:25:43,75.95,1
2021-10-04 07:25:43,75.975,4
2021-10-04 07:25:43,75.95,5
2021-10-04 07:25:43,75.975,8
2021-10-04 07:25:45,76.0,1
2021-10-04 07:25:47,76.025,1
2021-10-04 07:26:01,76.0,3
2021-10-04 07:26:12,76.0,1
2021-10-04 07:26:12,76.025,1
2021-10-04 07:26:13,76.025,1
2021-10-04 07:26:25,76.025,1
2021-10-04 07:26:40,76.025,2
2021-10-04 07:26:50,76.0,1
2021-10-04 07:26:51,76.0,1
2021-10-04 07:27:06,76.0,1
2021-10-04 07:27:08,76.0,1
2021-10-04 07:27:17,76.0,1
2021-10-04 07:27:31,76.0,1
2021-10-04 07:27:39,76.0,1
2021-10-04 07:28:10,75.975,10
2021-10-04 07:28:24,76.0,4
2021-10-04 07:28:35,75.975,1
2021-10-04 07:28:36,76.0,1
2021-10-04 07:28:41,75.975,1
2021-10-04 07:29:00,75.975,1
2021-10-04 07:29:17,75.975,1
2021-10-04 07:30:22,76.0,2
2021-10-04 07:30:33,76.0,2
2021-10-04 07:30:52,76.0,2
2021-10-04 07:31:03,75.975,2
2021-10-04 07:31:19,75.975,2
2021-10-04 07:31:37,76.0,6
2021-10-04 07:31:40,76.0,1
2021-10-04 07:31:42,76.0,3
2021-10-04 07:31:52,76.0,1
2021-10-04 07:32:37,75.975,1
2021-10-04 07:32:51,75.975,1
2021-10-04 07:32:55,75.975,1
2021-10-04 07:33:03,75.975,1
2021-10-04 07:33:22,75.975,1
2021-10-04 07:33:35,75.975,1
2021-10-04 07:34:14,75.95,7
2021-10-04 07:34:15,75.95,1
2021-10-04 07:34:19,75.95,3
2021-10-04 07:34:19,75.975,3
2021-10-04 07:34:21,75.975,1
2021-10-04 07:34:28,75.975,2
2021-10-04 07:34:41,76.0,2
2021-10-04 07:35:01,75.975,2
2021-10-04 07:35:08,75.975,2
2021-10-04 07:35:12,75.975,1
2021-10-04 07:35:27,75.975,1
2021-10-04 07:36:10,76.0,2
2021-10-04 07:37:07,76.0,1
2021-10-04 07:37:18,76.0,1
2021-10-04 07:37:29,76.0,1
2021-10-04 07:37:48,76.0,1
2021-10-04 07:37:49,76.0,1
2021-10-04 07:38:03,76.0,1
2021-10-04 07:38:30,75.975,1
2021-10-04 07:38:34,75.975,1
2021-10-04 07:38:54,75.975,1
2021-10-04 07:39:43,75.975,6
2021-10-04 07:40:23,75.975,1
2021-10-04 07:40:36,75.975,1
2021-10-04 07:40:43,75.975,1
2021-10-04 07:40:56,75.975,1
2021-10-04 07:41:15,75.95,5
2021-10-04 07:41:35,75.925,5
2021-10-04 07:41:35,75.9,3
2021-10-04 07:41:40,75.925,1
2021-10-04 07:41:48,75.9,2
2021-10-04 07:41:57,75.9,1
2021-10-04 07:42:05,75.9,2
2021-10-04 07:42:10,75.925,1
2021-10-04 07:42:10,75.9,1
2021-10-04 07:42:36,75.9,9
2021-10-04 07:42:48,75.925,1
2021-10-04 07:43:09,75.9,4
2021-10-04 07:43:29,75.9,1
2021-10-04 07:43:35,75.925,3
2021-10-04 07:43:49,75.9,2
2021-10-04 07:43:53,75.9,1
2021-10-04 07:44:08,75.9,1
2021-10-04 07:44:15,75.9,1
2021-10-04 07:44:16,75.9,1
2021-10-04 07:44:18,75.9,1
2021-10-04 07:44:22,75.9,1
2021-10-04 07:44:29,75.9,1
2021-10-04 07:44:38,75.9,1
2021-10-04 07:44:45,75.9,2
2021-10-04 07:45:02,75.875,2
2021-10-04 07:45:02,75.85,4
2021-10-04 07:45:06,75.9,6
2021-10-04 07:45:12,75.9,1
2021-10-04 07:45:26,75.9,1
2021-10-04 07:45:27,75.925,1
2021-10-04 07:45:31,75.9,1
2021-10-04 07:45:41,75.875,2
2021-10-04 07:45:50,75.875,1
2021-10-04 07:46:12,75.875,1
2021-10-04 07:47:20,75.875,2
2021-10-04 07:47:24,75.875,1
2021-10-04 07:47:54,75.875,1
2021-10-04 07:48:09,75.875,3
2021-10-04 07:48:28,75.875,1
2021-10-04 07:48:33,75.875,1
2021-10-04 07:48:46,75.875,1
2021-10-04 07:49:24,75.875,1
2021-10-04 07:49:50,75.875,1
2021-10-04 07:50:35,75.85,2
2021-10-04 07:50:37,75.825,1
2021-10-04 07:50:37,75.8,3
2021-10-04 07:50:37,75.825,4
2021-10-04 07:50:41,75.825,1
2021-10-04 07:50:48,75.8,7
2021-10-04 07:50:55,75.825,1
2021-10-04 07:50:59,75.825,1
2021-10-04 07:51:00,75.825,1
2021-10-04 07:51:02,75.825,7
2021-10-04 07:51:11,75.8,3
2021-10-04 07:51:14,75.8,1
2021-10-04 07:51:16,75.8,2
2021-10-04 07:51:17,75.825,1
2021-10-04 07:51:21,75.8,2
2021-10-04 07:51:23,75.825,1
2021-10-04 07:51:30,75.825,4
2021-10-04 07:51:32,75.825,2
2021-10-04 07:51:33,75.825,1
2021-10-04 07:51:38,75.825,1
2021-10-04 07:51:42,75.825,1
2021-10-04 07:51:45,75.85,6
2021-10-04 07:51:52,75.85,1
2021-10-04 07:51:57,75.825,1
2021-10-04 07:52:03,75.825,1
2021-10-04 07:52:17,75.825,2
2021-10-04 07:52:25,75.825,1
2021-10-04 07:52:28,75.825,1
2021-10-04 07:53:02,75.825,1
2021-10-04 07:53:04,75.825,1
2021-10-04 07:53:21,75.8,2
2021-10-04 07:53:23,75.775,3
2021-10-04 07:53:48,75.8,1
2021-10-04 07:54:11,75.825,1
2021-10-04 07:54:25,75.825,1
2021-10-04 07:54:33,75.85,2
2021-10-04 07:54:51,75.875,3
2021-10-04 07:54:51,75.9,1
2021-10-04 07:54:51,75.875,1
2021-10-04 07:54:52,75.9,1
2021-10-04 07:54:54,75.875,1
2021-10-04 07:54:59,75.875,1
2021-10-04 07:55:22,75.875,1
2021-10-04 07:55:26,75.875,1
2021-10-04 07:55:50,75.9,4
2021-10-04 07:55:53,75.9,1
2021-10-04 07:56:04,75.875,1
2021-10-04 07:56:15,75.875,1
2021-10-04 07:57:27,75.9,2
2021-10-04 07:57:47,75.9,1
2021-10-04 07:58:15,75.9,1
2021-10-04 07:58:17,75.925,2
2021-10-04 07:58:23,75.925,2
2021-10-04 07:58:27,75.925,1
2021-10-04 07:58:37,75.95,7
2021-10-04 07:58:50,75.95,1
2021-10-04 07:58:59,75.925,1
2021-10-04 07:59:07,75.9,1
2021-10-04 07:59:47,75.9,1
2021-10-04 08:00:00,75.9,2
2021-10-04 08:00:28,75.9,1
2021-10-04 08:00:31,75.9,1
2021-10-04 08:00:40,75.9,3
2021-10-04 08:00:46,75.9,1
2021-10-04 08:00:47,75.9,2
2021-10-04 08:01:15,75.9,5
2021-10-04 08:02:30,75.875,2
2021-10-04 08:02:43,75.9,2
2021-10-04 08:03:00,75.9,1
2021-10-04 08:03:32,75.9,1
2021-10-04 08:03:38,75.9,1
2021-10-04 08:04:00,75.875,1
2021-10-04 08:04:01,75.875,1
2021-10-04 08:04:01,75.85,1
2021-10-04 08:04:15,75.875,1
2021-10-04 08:04:34,75.875,1
2021-10-04 08:04:42,75.875,1
2021-10-04 08:05:06,75.9,3
2021-10-04 08:05:11,75.875,1
2021-10-04 08:05:20,75.9,1
2021-10-04 08:05:26,75.9,1
2021-10-04 08:05:28,75.9,1
2021-10-04 08:05:41,75.9,1
2021-10-04 08:05:58,75.875,5
2021-10-04 08:05:58,75.85,4
2021-10-04 08:06:03,75.85,1
2021-10-04 08:06:11,75.85,1
2021-10-04 08:06:17,75.85,1
2021-10-04 08:06:20,75.85,1
2021-10-04 08:06:29,75.85,2
2021-10-04 08:06:35,75.875,3
2021-10-04 08:06:41,75.875,1
2021-10-04 08:06:44,75.9,3
2021-10-04 08:06:46,75.875,1
2021-10-04 08:07:10,75.925,2
2021-10-04 08:07:11,75.925,1
2021-10-04 08:07:18,75.925,2
2021-10-04 08:07:20,75.95,1
2021-10-04 08:07:21,75.925,1
2021-10-04 08:07:40,75.9,1
2021-10-04 08:07:56,75.9,1
2021-10-04 08:08:22,75.9,1
2021-10-04 08:08:24,75.9,1
2021-10-04 08:08:30,75.925,1
2021-10-04 08:08:32,75.925,1
2021-10-04 08:08:49,75.925,3
2021-10-04 08:09:43,75.925,1
2021-10-04 08:10:12,75.925,1
2021-10-04 08:10:18,75.9,1
2021-10-04 08:10:45,75.9,1
2021-10-04 08:11:00,75.875,1
2021-10-04 08:11:02,75.9,1
2021-10-04 08:11:03,75.9,2
2021-10-04 08:11:51,75.9,1
2021-10-04 08:12:04,75.925,1
2021-10-04 08:12:17,75.9,2
2021-10-04 08:12:51,75.9,1
2021-10-04 08:13:28,75.9,1
2021-10-04 08:13:37,75.9,1
2021-10-04 08:13:39,75.9,1
2021-10-04 08:13:53,75.875,1
2021-10-04 08:14:45,75.9,3
2021-10-04 08:15:00,75.9,4
2021-10-04 08:15:11,75.925,1
2021-10-04 08:16:03,75.925,4
2021-10-04 08:16:05,75.925,5
2021-10-04 08:16:10,75.925,1
2021-10-04 08:16:25,75.925,1
2021-10-04 08:16:28,75.95,6
2021-10-04 08:16:29,75.975,1
2021-10-04 08:16:34,75.95,1
2021-10-04 08:16:38,75.95,1
2021-10-04 08:16:41,75.95,1
2021-10-04 08:17:00,75.975,2
2021-10-04 08:17:03,75.975,2
2021-10-04 08:17:10,75.975,6
2021-10-04 08:17:12,75.975,1
2021-10-04 08:17:18,75.975,1
2021-10-04 08:17:19,75.975,1
2021-10-04 08:17:22,75.95,5
2021-10-04 08:17:28,75.925,1
2021-10-04 08:17:49,75.925,1
2021-10-04 08:17:51,75.925,2
2021-10-04 08:18:04,75.925,1
2021-10-04 08:18:37,75.925,1
2021-10-04 08:18:38,75.95,1
2021-10-04 08:19:45,75.95,2
2021-10-04 08:19:48,75.95,1
2021-10-04 08:19:51,75.925,1
2021-10-04 08:20:07,75.9,1
2021-10-04 08:20:37,75.9,1
2021-10-04 08:20:42,75.875,3
2021-10-04 08:20:56,75.9,1
2021-10-04 08:20:59,75.9,1
2021-10-04 08:21:02,75.875,1
2021-10-04 08:21:19,75.875,1
2021-10-04 08:21:27,75.875,1
2021-10-04 08:21:36,75.85,1
2021-10-04 08:21:42,75.875,1
2021-10-04 08:22:08,75.875,1
2021-10-04 08:22:14,75.85,1
2021-10-04 08:22:14,75.825,1
2021-10-04 08:22:24,75.825,4
2021-10-04 08:22:40,75.8,1
2021-10-04 08:22:44,75.8,1
2021-10-04 08:22:52,75.775,13
2021-10-04 08:22:57,75.775,2
2021-10-04 08:23:02,75.775,1
2021-10-04 08:23:18,75.775,1
2021-10-04 08:23:25,75.775,1
2021-10-04 08:23:29,75.775,1
2021-10-04 08:23:33,75.75,1
2021-10-04 08:23:35,75.775,1
2021-10-04 08:23:38,75.775,1
2021-10-04 08:23:39,75.775,2
2021-10-04 08:23:39,75.8,5
2021-10-04 08:23:42,75.8,1
2021-10-04 08:23:48,75.825,4
2021-10-04 08:23:49,75.8,1
2021-10-04 08:23:54,75.825,1
2021-10-04 08:24:07,75.85,1
2021-10-04 08:24:07,75.875,1
2021-10-04 08:24:07,75.85,2
2021-10-04 08:24:09,75.85,1
2021-10-04 08:24:21,75.85,1
2021-10-04 08:24:27,75.85,1
2021-10-04 08:24:34,75.875,6
2021-10-04 08:24:34,75.9,2
2021-10-04 08:24:39,75.9,1
2021-10-04 08:24:44,75.9,1
2021-10-04 08:25:01,75.9,2
2021-10-04 08:25:03,75.925,1
2021-10-04 08:25:15,75.95,1
2021-10-04 08:25:23,75.95,1
2021-10-04 08:25:24,75.95,1
2021-10-04 08:25:46,75.95,2
2021-10-04 08:25:53,75.95,1
2021-10-04 08:25:55,75.95,1
2021-10-04 08:26:13,75.95,2
2021-10-04 08:26:37,75.95,1
2021-10-04 08:26:53,75.95,2
2021-10-04 08:27:29,75.95,1
2021-10-04 08:27:44,75.975,2
2021-10-04 08:27:44,76.0,10
2021-10-04 08:27:51,76.0,1
2021-10-04 08:27:52,76.0,1
2021-10-04 08:27:54,76.0,1
2021-10-04 08:28:00,75.975,1
2021-10-04 08:28:04,75.975,1
2021-10-04 08:28:06,75.975,1
2021-10-04 08:28:09,75.975,1
2021-10-04 08:28:11,75.975,1
2021-10-04 08:28:42,76.0,1
2021-10-04 08:28:49,76.0,1
2021-10-04 08:29:03,75.975,1
2021-10-04 08:29:07,75.975,1
2021-10-04 08:29:13,75.975,1
2021-10-04 08:30:42,75.975,3
2021-10-04 08:30:47,75.975,1
2021-10-04 08:30:48,75.975,1
2021-10-04 08:30:51,75.95,3
2021-10-04 08:30:53,75.95,3
2021-10-04 08:30:54,75.95,1
2021-10-04 08:31:14,75.975,1
2021-10-04 08:31:20,76.0,1
2021-10-04 08:31:22,75.975,1
2021-10-04 08:31:46,75.975,1
2021-10-04 08:32:21,75.975,2
2021-10-04 08:32:28,76.0,1
2021-10-04 08:32:36,76.0,1
2021-10-04 08:32:48,76.0,7
2021-10-04 08:32:54,76.025,1
2021-10-04 08:32:57,76.025,4
2021-10-04 08:33:09,76.025,3
2021-10-04 08:33:15,76.025,2
2021-10-04 08:33:20,76.025,1
2021-10-04 08:33:22,76.025,1
2021-10-04 08:33:31,76.025,1
2021-10-04 08:33:34,76.025,1
2021-10-04 08:33:54,76.025,3
2021-10-04 08:33:54,76.05,8
2021-10-04 08:34:05,76.05,2
2021-10-04 08:34:09,76.025,4
2021-10-04 08:34:21,76.05,2
2021-10-04 08:34:22,76.05,1
2021-10-04 08:34:33,76.025,1
2021-10-04 08:34:47,76.025,2
2021-10-04 08:35:02,76.025,1
2021-10-04 08:35:07,76.025,1
2021-10-04 08:35:27,76.025,9
2021-10-04 08:35:27,76.0,3
2021-10-04 08:35:36,75.975,2
2021-10-04 08:35:45,75.975,1
2021-10-04 08:35:50,75.95,2
2021-10-04 08:35:55,75.975,1
2021-10-04 08:36:11,75.975,1
2021-10-04 08:36:30,76.0,5
2021-10-04 08:36:43,76.0,3
2021-10-04 08:36:45,75.975,1
2021-10-04 08:37:07,76.0,1
2021-10-04 08:37:23,75.975,3
2021-10-04 08:37:27,75.975,1
2021-10-04 08:37:40,75.975,1
2021-10-04 08:38:12,75.975,3
2021-10-04 08:38:18,75.975,1
2021-10-04 08:38:24,76.0,2
2021-10-04 08:38:27,76.0,5
2021-10-04 08:39:13,76.0,7
2021-10-04 08:39:16,76.0,1
2021-10-04 08:39:21,76.0,3
2021-10-04 08:40:03,76.025,1
2021-10-04 08:40:04,76.025,1
2021-10-04 08:40:20,76.05,1
2021-10-04 08:40:32,76.025,1
2021-10-04 08:40:45,76.075,10
2021-10-04 08:40:46,76.075,1
2021-10-04 08:40:49,76.1,1
2021-10-04 08:40:50,76.1,2
2021-10-04 08:40:52,76.075,3
2021-10-04 08:41:00,76.075,6
2021-10-04 08:41:02,76.05,8
2021-10-04 08:41:04,76.05,1
2021-10-04 08:41:12,76.05,4
2021-10-04 08:41:35,76.1,16
2021-10-04 08:41:38,76.075,1
2021-10-04 08:41:51,76.1,9
2021-10-04 08:42:02,76.1,5
2021-10-04 08:42:06,76.125,2
2021-10-04 08:42:08,76.125,8
2021-10-04 08:42:09,76.125,1
2021-10-04 08:42:23,76.125,2
2021-10-04 08:42:23,76.15,5
2021-10-04 08:42:30,76.15,3
2021-10-04 08:42:31,76.15,1
2021-10-04 08:42:38,76.15,2
2021-10-04 08:42:40,76.15,1
2021-10-04 08:42:43,76.175,3
2021-10-04 08:42:50,76.175,5
2021-10-04 08:42:51,76.2,25
2021-10-04 08:42:52,76.225,2
2021-10-04 08:42:52,76.2,1
2021-10-04 08:42:52,76.225,3
2021-10-04 08:42:53,76.2,4
2021-10-04 08:42:54,76.2,3
2021-10-04 08:42:55,76.2,1
2021-10-04 08:42:56,76.225,11
2021-10-04 08:42:57,76.225,3
2021-10-04 08:42:57,76.25,2
2021-10-04 08:42:57,76.225,10
2021-10-04 08:42:58,76.2,1
2021-10-04 08:42:58,76.225,2
2021-10-04 08:43:01,76.225,5
2021-10-04 08:43:02,76.2,1
2021-10-04 08:43:04,76.225,1
2021-10-04 08:43:05,76.225,1
2021-10-04 08:43:09,76.2,3
2021-10-04 08:43:10,76.225,3
2021-10-04 08:43:12,76.225,3
2021-10-04 08:43:14,76.225,1
2021-10-04 08:43:15,76.225,6
2021-10-04 08:43:17,76.225,1
2021-10-04 08:43:18,76.225,4
2021-10-04 08:43:27,76.225,2
2021-10-04 08:43:51,76.2,8
2021-10-04 08:43:52,76.225,1
2021-10-04 08:43:56,76.225,1
2021-10-04 08:43:59,76.25,2
2021-10-04 08:44:00,76.25,3
2021-10-04 08:44:03,76.25,2
2021-10-04 08:44:04,76.25,1
2021-10-04 08:44:12,76.275,2
2021-10-04 08:44:13,76.3,29
2021-10-04 08:44:13,76.275,1
2021-10-04 08:44:13,76.3,1
2021-10-04 08:44:13,76.275,5
2021-10-04 08:44:13,76.3,1
2021-10-04 08:44:14,76.275,1
2021-10-04 08:44:17,76.275,13
2021-10-04 08:44:20,76.3,1
2021-10-04 08:44:22,76.275,2
2021-10-04 08:44:22,76.3,10
2021-10-04 08:44:29,76.275,5
2021-10-04 08:44:31,76.3,1
2021-10-04 08:44:34,76.275,3
2021-10-04 08:44:35,76.275,1
2021-10-04 08:44:40,76.275,1
2021-10-04 08:44:40,76.3,6
2021-10-04 08:44:42,76.3,1
2021-10-04 08:44:43,76.3,1
2021-10-04 08:44:52,76.325,3
2021-10-04 08:44:52,76.35,9
2021-10-04 08:44:52,76.325,1
2021-10-04 08:44:56,76.325,1
2021-10-04 08:44:59,76.325,2
2021-10-04 08:45:00,76.325,2
2021-10-04 08:45:05,76.35,14
2021-10-04 08:45:05,76.375,5
2021-10-04 08:45:06,76.375,3
2021-10-04 08:45:08,76.375,1
2021-10-04 08:45:09,76.375,1
2021-10-04 08:45:10,76.375,1
2021-10-04 08:45:11,76.375,1
2021-10-04 08:45:11,76.35,1
2021-10-04 08:45:12,76.375,2
2021-10-04 08:45:12,76.35,1
2021-10-04 08:45:14,76.375,2
2021-10-04 08:45:15,76.375,1
2021-10-04 08:45:18,76.375,2
2021-10-04 08:45:26,76.375,1
2021-10-04 08:45:28,76.375,1
2021-10-04 08:45:29,76.375,4
2021-10-04 08:45:32,76.375,1
2021-10-04 08:45:35,76.35,1
2021-10-04 08:45:36,76.35,1
2021-10-04 08:45:38,76.375,1
2021-10-04 08:45:40,76.35,1
2021-10-04 08:45:44,76.375,3
2021-10-04 08:45:45,76.375,1
2021-10-04 08:45:46,76.375,1
2021-10-04 08:45:52,76.375,1
2021-10-04 08:45:53,76.35,1
2021-10-04 08:46:01,76.325,17
2021-10-04 08:46:02,76.35,1
2021-10-04 08:46:03,76.325,2
2021-10-04 08:46:04,76.325,2
2021-10-04 08:46:06,76.35,4
2021-10-04 08:46:08,76.35,3
2021-10-04 08:46:10,76.35,3
2021-10-04 08:46:12,76.375,4
2021-10-04 08:46:27,76.4,5
2021-10-04 08:46:28,76.4,1
2021-10-04 08:46:30,76.4,1
2021-10-04 08:46:31,76.4,1
2021-10-04 08:46:34,76.4,1
2021-10-04 08:46:35,76.4,1
2021-10-04 08:46:36,76.4,7
2021-10-04 08:46:39,76.4,1
2021-10-04 08:46:41,76.375,2
2021-10-04 08:46:46,76.4,1
2021-10-04 08:46:49,76.375,1
2021-10-04 08:46:49,76.4,1
2021-10-04 08:46:51,76.4,9
2021-10-04 08:46:54,76.375,11
2021-10-04 08:47:02,76.375,3
2021-10-04 08:47:02,76.35,2
2021-10-04 08:47:03,76.35,4
2021-10-04 08:47:08,76.325,5
2021-10-04 08:47:09,76.325,1
2021-10-04 08:47:13,76.3,1
2021-10-04 08:47:16,76.3,2
2021-10-04 08:47:17,76.275,1
2021-10-04 08:47:20,76.3,2
2021-10-04 08:47:21,76.3,2
2021-10-04 08:47:24,76.3,1
2021-10-04 08:47:25,76.275,1
2021-10-04 08:47:33,76.275,3
2021-10-04 08:47:35,76.3,1
2021-10-04 08:47:37,76.3,1
2021-10-04 08:47:44,76.325,1
2021-10-04 08:47:48,76.3,9
2021-10-04 08:47:55,76.275,6
2021-10-04 08:47:56,76.3,1
2021-10-04 08:48:00,76.325,1
2021-10-04 08:48:06,76.325,2
2021-10-04 08:48:36,76.3,1
2021-10-04 08:48:44,76.3,6
2021-10-04 08:48:44,76.275,24
2021-10-04 08:48:44,76.25,3
2021-10-04 08:48:44,76.3,3
2021-10-04 08:48:44,76.275,1
2021-10-04 08:48:46,76.3,2
2021-10-04 08:48:49,76.3,3
2021-10-04 08:48:50,76.3,1
2021-10-04 08:48:51,76.3,1
2021-10-04 08:48:51,76.325,1
2021-10-04 08:49:05,76.3,1
2021-10-04 08:49:10,76.3,1
2021-10-04 08:49:12,76.3,1
2021-10-04 08:49:15,76.3,15
2021-10-04 08:49:21,76.3,1
2021-10-04 08:49:30,76.3,1
2021-10-04 08:49:41,76.325,11
2021-10-04 08:49:42,76.35,1
2021-10-04 08:49:42,76.375,4
2021-10-04 08:49:43,76.4,3
2021-10-04 08:49:44,76.4,5
2021-10-04 08:49:45,76.4,2
2021-10-04 08:49:46,76.4,1
2021-10-04 08:49:47,76.4,1
2021-10-04 08:49:57,76.375,1
2021-10-04 08:50:00,76.375,2
2021-10-04 08:50:00,76.4,1
2021-10-04 08:50:02,76.4,4
2021-10-04 08:50:05,76.4,1
2021-10-04 08:50:07,76.375,8
2021-10-04 08:50:12,76.35,1
2021-10-04 08:50:12,76.375,2
2021-10-04 08:50:18,76.375,1
2021-10-04 08:50:37,76.375,1
2021-10-04 08:50:38,76.4,5
2021-10-04 08:50:39,76.4,1
2021-10-04 08:50:43,76.375,1
2021-10-04 08:50:44,76.4,2
2021-10-04 08:50:55,76.4,2
2021-10-04 08:50:57,76.4,3
2021-10-04 08:50:58,76.425,3
2021-10-04 08:50:58,76.4,1
2021-10-04 08:51:00,76.4,4
2021-10-04 08:51:02,76.4,1
2021-10-04 08:51:03,76.45,8
2021-10-04 08:51:05,76.45,2
2021-10-04 08:51:06,76.45,3
2021-10-04 08:51:07,76.45,3
2021-10-04 08:51:08,76.45,1
2021-10-04 08:51:10,76.45,1
2021-10-04 08:51:11,76.475,5
2021-10-04 08:51:11,76.5,7
2021-10-04 08:51:12,76.5,4
2021-10-04 08:51:12,76.525,3
2021-10-04 08:51:12,76.5,3
2021-10-04 08:51:12,76.525,2
2021-10-04 08:51:13,76.5,3
2021-10-04 08:51:13,76.525,1
2021-10-04 08:51:14,76.525,1
2021-10-04 08:51:14,76.5,1
2021-10-04 08:51:18,76.525,2
2021-10-04 08:51:19,76.5,1
2021-10-04 08:51:19,76.525,4
2021-10-04 08:51:20,76.5,2
2021-10-04 08:51:21,76.525,4
2021-10-04 08:51:26,76.5,2
2021-10-04 08:51:30,76.525,6
2021-10-04 08:51:31,76.525,1
2021-10-04 08:51:34,76.525,2
2021-10-04 08:51:37,76.5,1
2021-10-04 08:51:39,76.475,3
2021-10-04 08:51:40,76.475,1
2021-10-04 08:51:40,76.5,7
2021-10-04 08:51:42,76.5,1
2021-10-04 08:51:43,76.525,4
2021-10-04 08:51:43,76.5,1
2021-10-04 08:51:47,76.525,1
2021-10-04 08:51:49,76.5,1
2021-10-04 08:51:50,76.525,6
2021-10-04 08:51:51,76.525,2
2021-10-04 08:51:52,76.525,1
2021-10-04 08:51:53,76.525,2
2021-10-04 08:51:53,76.55,9
2021-10-04 08:51:58,76.525,3
2021-10-04 08:52:02,76.55,2
2021-10-04 08:52:02,76.525,1
2021-10-04 08:52:03,76.55,2
2021-10-04 08:52:04,76.55,2
2021-10-04 08:52:05,76.55,7
2021-10-04 08:52:06,76.575,6
2021-10-04 08:52:07,76.575,2
2021-10-04 08:52:07,76.6,11
2021-10-04 08:52:09,76.6,1
2021-10-04 08:52:11,76.575,1
2021-10-04 08:52:11,76.6,1
2021-10-04 08:52:12,76.6,3
2021-10-04 08:52:13,76.625,4
2021-10-04 08:52:13,76.65,3
2021-10-04 08:52:13,76.625,1
2021-10-04 08:52:14,76.65,20
2021-10-04 08:52:14,76.675,2
2021-10-04 08:52:14,76.7,17
2021-10-04 08:52:14,76.675,13
2021-10-04 08:52:14,76.7,1
2021-10-04 08:52:14,76.675,1
2021-10-04 08:52:14,76.7,1
2021-10-04 08:52:14,76.675,2
2021-10-04 08:52:14,76.7,1
2021-10-04 08:52:14,76.675,3
2021-10-04 08:52:14,76.65,3
2021-10-04 08:52:14,76.625,8
2021-10-04 08:52:14,76.6,6
2021-10-04 08:52:14,76.625,1
2021-10-04 08:52:15,76.6,4
2021-10-04 08:52:17,76.6,1
2021-10-04 08:52:17,76.575,5
2021-10-04 08:52:18,76.6,1
2021-10-04 08:52:18,76.625,6
2021-10-04 08:52:19,76.6,4
2021-10-04 08:52:22,76.6,2
2021-10-04 08:52:22,76.575,1
2021-10-04 08:52:23,76.625,3
2021-10-04 08:52:25,76.6,1
2021-10-04 08:52:25,76.625,13
2021-10-04 08:52:29,76.6,2
2021-10-04 08:52:30,76.6,3
2021-10-04 08:52:33,76.625,10
2021-10-04 08:52:34,76.625,1
2021-10-04 08:52:34,76.6,1
2021-10-04 08:52:35,76.625,1
2021-10-04 08:52:37,76.625,1
2021-10-04 08:52:38,76.625,1
2021-10-04 08:52:40,76.625,1
2021-10-04 08:52:42,76.625,2
2021-10-04 08:52:43,76.625,1
2021-10-04 08:52:44,76.625,3
2021-10-04 08:52:48,76.625,1
2021-10-04 08:52:49,76.625,6
2021-10-04 08:52:51,76.625,1
2021-10-04 08:52:55,76.625,9
2021-10-04 08:52:56,76.625,5
2021-10-04 08:52:58,76.65,5
2021-10-04 08:52:59,76.65,1
2021-10-04 08:53:00,76.675,5
2021-10-04 08:53:01,76.7,1
2021-10-04 08:53:01,76.675,1
2021-10-04 08:53:02,76.675,3
2021-10-04 08:53:03,76.675,2
2021-10-04 08:53:16,76.7,1
2021-10-04 08:53:16,76.675,1
2021-10-04 08:53:17,76.7,6
2021-10-04 08:53:18,76.675,1
2021-10-04 08:53:19,76.7,5
2021-10-04 08:53:19,76.725,5
2021-10-04 08:53:22,76.725,1
2021-10-04 08:53:23,76.7,1
2021-10-04 08:53:23,76.725,2
2021-10-04 08:53:24,76.725,1
2021-10-04 08:53:25,76.725,2
2021-10-04 08:53:26,76.725,2
2021-10-04 08:53:28,76.725,1
2021-10-04 08:53:28,76.7,1
2021-10-04 08:53:29,76.725,5
2021-10-04 08:53:30,76.7,2
2021-10-04 08:53:30,76.725,5
2021-10-04 08:53:32,76.725,1
2021-10-04 08:53:34,76.725,7
2021-10-04 08:53:37,76.725,7
2021-10-04 08:53:39,76.75,11
2021-10-04 08:53:39,76.775,3
2021-10-04 08:53:39,76.75,5
2021-10-04 08:53:40,76.75,1
2021-10-04 08:53:40,76.775,5
2021-10-04 08:53:41,76.775,3
2021-10-04 08:53:42,76.75,3
2021-10-04 08:53:42,76.775,3
2021-10-04 08:53:44,76.775,2
2021-10-04 08:53:44,76.75,1
2021-10-04 08:53:45,76.775,2
2021-10-04 08:53:46,76.775,1
2021-10-04 08:53:47,76.8,10
2021-10-04 08:53:47,76.825,3
2021-10-04 08:53:47,76.85,13
2021-10-04 08:53:47,76.825,5
2021-10-04 08:53:47,76.85,3
2021-10-04 08:53:47,76.825,2
2021-10-04 08:53:48,76.8,2
2021-10-04 08:53:50,76.8,1
2021-10-04 08:53:50,76.825,1
2021-10-04 08:53:53,76.825,3
2021-10-04 08:53:53,76.85,1
2021-10-04 08:53:55,76.85,1
2021-10-04 08:53:56,76.825,2
2021-10-04 08:53:56,76.85,1
2021-10-04 08:53:58,76.85,2
2021-10-04 08:54:00,76.875,8
2021-10-04 08:54:01,76.875,1
2021-10-04 08:54:02,76.875,1
2021-10-04 08:54:02,76.9,2
2021-10-04 08:54:02,76.875,1
2021-10-04 08:54:03,76.9,2
2021-10-04 08:54:04,76.875,1
2021-10-04 08:54:05,76.9,1
2021-10-04 08:54:07,76.85,1
2021-10-04 08:54:10,76.875,1
2021-10-04 08:54:11,76.85,1
2021-10-04 08:54:11,76.825,2
2021-10-04 08:54:11,76.85,1
2021-10-04 08:54:11,76.875,1
2021-10-04 08:54:13,76.875,5
2021-10-04 08:54:14,76.9,5
2021-10-04 08:54:16,76.9,4
2021-10-04 08:54:21,76.9,3
2021-10-04 08:54:23,76.9,1
2021-10-04 08:54:24,76.925,3
2021-10-04 08:54:24,76.95,1
2021-10-04 08:54:24,76.925,2
2021-10-04 08:54:24,76.9,1
2021-10-04 08:54:27,76.925,1
2021-10-04 08:54:28,76.925,4
2021-10-04 08:54:29,76.925,1
2021-10-04 08:54:32,76.95,1
2021-10-04 08:54:32,76.925,1
2021-10-04 08:54:37,76.925,2
2021-10-04 08:54:37,76.9,5
2021-10-04 08:54:38,76.875,3
2021-10-04 08:54:38,76.9,4
2021-10-04 08:54:38,76.875,4
2021-10-04 08:54:38,76.85,1
2021-10-04 08:54:39,76.85,3
2021-10-04 08:54:40,76.825,1
2021-10-04 08:54:42,76.825,2
2021-10-04 08:54:43,76.8,3
2021-10-04 08:54:44,76.8,1
2021-10-04 08:54:45,76.825,3
2021-10-04 08:54:45,76.8,1
2021-10-04 08:54:45,76.825,3
2021-10-04 08:54:46,76.825,1
2021-10-04 08:54:47,76.825,1
2021-10-04 08:54:48,76.8,4
2021-10-04 08:54:49,76.8,4
2021-10-04 08:54:50,76.775,1
2021-10-04 08:54:51,76.775,1
2021-10-04 08:54:52,76.8,1
2021-10-04 08:54:52,76.775,2
2021-10-04 08:54:53,76.8,1
2021-10-04 08:54:53,76.775,1
2021-10-04 08:54:54,76.775,1
2021-10-04 08:54:54,76.75,1
2021-10-04 08:54:56,76.75,4
2021-10-04 08:54:57,76.75,2
2021-10-04 08:54:58,76.725,1
2021-10-04 08:54:58,76.7,1
2021-10-04 08:54:59,76.725,1
2021-10-04 08:55:00,76.75,3
2021-10-04 08:55:01,76.75,2
2021-10-04 08:55:04,76.775,1
2021-10-04 08:55:05,76.775,1
2021-10-04 08:55:05,76.8,4
2021-10-04 08:55:08,76.8,1
2021-10-04 08:55:09,76.775,5
2021-10-04 08:55:10,76.75,1
2021-10-04 08:55:12,76.725,1
2021-10-04 08:55:12,76.75,1
2021-10-04 08:55:13,76.75,1
2021-10-04 08:55:14,76.775,2
2021-10-04 08:55:15,76.775,1
2021-10-04 08:55:19,76.825,6
2021-10-04 08:55:20,76.825,3
2021-10-04 08:55:22,76.825,1
2021-10-04 08:55:22,76.85,11
2021-10-04 08:55:24,76.85,1
2021-10-04 08:55:24,76.875,2
2021-10-04 08:55:25,76.875,1
2021-10-04 08:55:30,76.875,1
2021-10-04 08:55:34,76.875,1
2021-10-04 08:55:36,76.9,2
2021-10-04 08:55:37,76.9,1
2021-10-04 08:55:37,76.875,1
2021-10-04 08:55:38,76.875,1
2021-10-04 08:55:39,76.875,7
2021-10-04 08:55:43,76.9,9
2021-10-04 08:55:44,76.9,1
2021-10-04 08:55:45,76.875,3
2021-10-04 08:55:46,76.9,2
2021-10-04 08:55:46,76.925,8
2021-10-04 08:55:47,76.925,2
2021-10-04 08:55:49,76.95,10
2021-10-04 08:55:50,76.95,1
2021-10-04 08:55:51,76.95,5
2021-10-04 08:55:54,76.925,1
2021-10-04 08:55:55,76.925,1
2021-10-04 08:55:57,76.9,4
2021-10-04 08:55:58,76.9,1
2021-10-04 08:56:00,76.875,1
2021-10-04 08:56:04,76.925,1
2021-10-04 08:56:05,76.925,13
2021-10-04 08:56:08,76.925,1
2021-10-04 08:56:10,76.95,6
2021-10-04 08:56:13,76.925,1
2021-10-04 08:56:13,76.95,1
2021-10-04 08:56:16,76.95,2
2021-10-04 08:56:20,76.975,1
2021-10-04 08:56:24,76.95,1
2021-10-04 08:56:28,76.95,1
2021-10-04 08:56:29,76.95,1
2021-10-04 08:56:29,76.975,9
2021-10-04 08:56:31,76.975,3
2021-10-04 08:56:32,76.975,1
2021-10-04 08:56:35,76.975,2
2021-10-04 08:56:36,76.975,5
2021-10-04 08:56:39,76.925,2
2021-10-04 08:56:41,76.925,1
2021-10-04 08:56:43,76.9,2
2021-10-04 08:56:44,76.875,1
2021-10-04 08:56:45,76.875,2
2021-10-04 08:56:46,76.875,1
2021-10-04 08:56:47,76.875,11
2021-10-04 08:56:48,76.875,1
2021-10-04 08:56:51,76.9,2
2021-10-04 08:56:55,76.95,1
2021-10-04 08:56:57,76.975,4
2021-10-04 08:57:00,77.0,18
2021-10-04 08:57:00,77.05,6
2021-10-04 08:57:01,77.05,5
2021-10-04 08:57:04,77.05,1
2021-10-04 08:57:06,77.075,2
2021-10-04 08:57:07,77.05,2
2021-10-04 08:57:08,77.075,1
2021-10-04 08:57:10,77.075,2
2021-10-04 08:57:12,77.075,1
2021-10-04 08:57:13,77.075,8
2021-10-04 08:57:16,77.075,6
2021-10-04 08:57:17,77.075,1
2021-10-04 08:57:19,77.025,2
2021-10-04 08:57:20,77.0,1
2021-10-04 08:57:25,77.0,2
2021-10-04 08:57:26,76.975,1
2021-10-04 08:57:28,77.0,6
2021-10-04 08:57:28,76.975,1
2021-10-04 08:57:33,77.025,1
2021-10-04 08:57:34,77.05,2
2021-10-04 08:57:34,77.025,16
2021-10-04 08:57:35,77.025,2
2021-10-04 08:57:36,77.05,1
2021-10-04 08:57:40,77.025,2
2021-10-04 08:57:41,77.025,1
2021-10-04 08:57:42,77.0,6
2021-10-04 08:57:45,77.025,1
2021-10-04 08:57:45,77.0,1
2021-10-04 08:57:47,76.975,4
2021-10-04 08:57:49,76.975,4
2021-10-04 08:57:50,77.0,1
2021-10-04 08:57:50,76.975,8
2021-10-04 08:57:51,76.975,1
2021-10-04 08:57:55,77.0,1
2021-10-04 08:57:57,76.975,9
2021-10-04 08:57:59,76.975,1
2021-10-04 08:57:59,76.95,5
2021-10-04 08:57:59,76.975,4
2021-10-04 08:58:00,77.0,2
2021-10-04 08:58:01,77.025,5
2021-10-04 08:58:01,77.0,4
2021-10-04 08:58:01,77.025,3
2021-10-04 08:58:01,77.05,5
2021-10-04 08:58:03,77.05,4
2021-10-04 08:58:04,77.05,1
2021-10-04 08:58:07,77.025,1
2021-10-04 08:58:07,77.05,1
2021-10-04 08:58:09,77.025,11
2021-10-04 08:58:14,77.025,1
2021-10-04 08:58:15,77.025,1
2021-10-04 08:58:16,77.025,4
2021-10-04 08:58:17,77.025,3
2021-10-04 08:58:18,77.025,1
2021-10-04 08:58:20,77.025,10
2021-10-04 08:58:24,77.025,1
2021-10-04 08:58:25,77.025,2
2021-10-04 08:58:27,77.05,14
2021-10-04 08:58:30,77.025,4
2021-10-04 08:58:32,77.025,1
2021-10-04 08:58:33,77.0,1
2021-10-04 08:58:33,76.975,3
2021-10-04 08:58:33,77.0,1
2021-10-04 08:58:34,76.975,1
2021-10-04 08:58:38,76.975,1
2021-10-04 08:58:39,76.975,1
2021-10-04 08:58:41,76.975,1
2021-10-04 08:58:44,76.975,3
2021-10-04 08:58:46,76.975,1
2021-10-04 08:58:47,77.0,6
2021-10-04 08:58:49,77.0,1
2021-10-04 08:58:50,77.0,1
2021-10-04 08:58:50,77.025,2
2021-10-04 08:58:57,77.0,1
2021-10-04 08:58:58,76.975,1
2021-10-04 08:58:59,77.025,1
2021-10-04 08:59:03,77.0,1
2021-10-04 08:59:03,76.975,6
2021-10-04 08:59:04,76.95,1
2021-10-04 08:59:05,76.95,2
2021-10-04 08:59:09,77.0,4
2021-10-04 08:59:12,77.0,2
2021-10-04 08:59:15,76.975,1
2021-10-04 08:59:18,76.95,1
2021-10-04 08:59:19,76.975,1
2021-10-04 08:59:21,76.975,1
2021-10-04 08:59:23,76.95,16
2021-10-04 08:59:24,76.95,2
2021-10-04 08:59:25,76.95,1
2021-10-04 08:59:26,76.95,1
2021-10-04 08:59:33,76.95,1
2021-10-04 08:59:35,76.95,1
2021-10-04 08:59:35,76.925,4
2021-10-04 08:59:41,76.95,1
2021-10-04 08:59:45,76.95,1
2021-10-04 08:59:48,76.925,1
2021-10-04 08:59:50,76.9,1
2021-10-04 08:59:52,76.925,1
2021-10-04 08:59:53,76.95,1
2021-10-04 08:59:57,76.925,1
2021-10-04 09:00:00,76.95,1
2021-10-04 09:00:01,76.95,4
2021-10-04 09:00:02,76.975,7
2021-10-04 09:00:02,77.0,5
2021-10-04 09:00:02,77.025,1
2021-10-04 09:00:03,77.025,2
2021-10-04 09:00:04,77.0,1
2021-10-04 09:00:06,76.975,1
2021-10-04 09:00:10,77.0,1
2021-10-04 09:00:12,77.025,1
2021-10-04 09:00:12,77.05,1
2021-10-04 09:00:13,77.05,1
2021-10-04 09:00:16,77.05,2
2021-10-04 09:00:16,77.075,3
2021-10-04 09:00:17,77.075,3
2021-10-04 09:00:20,77.075,1
2021-10-04 09:00:21,77.075,2
2021-10-04 09:00:22,77.05,3
2021-10-04 09:00:26,77.075,2
2021-10-04 09:00:27,77.1,11
2021-10-04 09:00:27,77.125,3
2021-10-04 09:00:30,77.1,1
2021-10-04 09:00:31,77.05,2
2021-10-04 09:00:32,77.025,2
2021-10-04 09:00:36,77.075,1
2021-10-04 09:00:40,77.075,2
2021-10-04 09:00:42,77.125,2
2021-10-04 09:00:43,77.15,2
2021-10-04 09:00:43,77.175,1
2021-10-04 09:00:43,77.15,5
2021-10-04 09:00:43,77.125,2
2021-10-04 09:00:46,77.175,1
2021-10-04 09:00:47,77.175,1
2021-10-04 09:00:47,77.15,1
2021-10-04 09:00:47,77.175,1
2021-10-04 09:00:48,77.175,3
2021-10-04 09:00:49,77.175,2
2021-10-04 09:00:51,77.175,1
2021-10-04 09:00:52,77.175,7
2021-10-04 09:00:54,77.15,1
2021-10-04 09:00:56,77.175,1
2021-10-04 09:00:58,77.175,1
2021-10-04 09:00:58,77.15,1
2021-10-04 09:00:59,77.175,1
2021-10-04 09:01:00,77.175,2
2021-10-04 09:01:01,77.15,3
2021-10-04 09:01:03,77.1,3
2021-10-04 09:01:04,77.1,2
2021-10-04 09:01:07,77.075,1
2021-10-04 09:01:07,77.125,3
2021-10-04 09:01:08,77.125,1
2021-10-04 09:01:08,77.1,1
2021-10-04 09:01:08,77.15,1
2021-10-04 09:01:09,77.1,1
2021-10-04 09:01:10,77.15,1
2021-10-04 09:01:11,77.15,1
2021-10-04 09:01:12,77.125,1
2021-10-04 09:01:13,77.1,5
2021-10-04 09:01:14,77.1,2
2021-10-04 09:01:15,77.075,2
2021-10-04 09:01:16,77.075,1
2021-10-04 09:01:17,77.05,4
2021-10-04 09:01:17,77.025,1
2021-10-04 09:01:18,77.025,10
2021-10-04 09:01:19,77.05,4
2021-10-04 09:01:19,77.025,1
2021-10-04 09:01:19,77.05,1
2021-10-04 09:01:21,77.05,10
2021-10-04 09:01:24,77.05,1
2021-10-04 09:01:29,77.05,2
2021-10-04 09:01:32,77.05,1
2021-10-04 09:01:33,77.05,1
2021-10-04 09:01:34,77.025,2
2021-10-04 09:01:37,77.0,1
2021-10-04 09:01:38,77.025,1
2021-10-04 09:01:38,77.0,1
2021-10-04 09:01:40,77.025,2
2021-10-04 09:01:43,77.05,2
2021-10-04 09:01:44,77.075,2
2021-10-04 09:01:46,77.1,7
2021-10-04 09:01:46,77.125,2
2021-10-04 09:01:47,77.125,1
2021-10-04 09:01:50,77.1,1
2021-10-04 09:01:52,77.1,4
2021-10-04 09:01:54,77.125,2
2021-10-04 09:01:56,77.1,1
2021-10-04 09:02:00,77.125,1
2021-10-04 09:02:00,77.15,9
2021-10-04 09:02:01,77.15,1
2021-10-04 09:02:02,77.15,2
2021-10-04 09:02:04,77.15,3
2021-10-04 09:02:06,77.15,5
2021-10-04 09:02:07,77.15,1
2021-10-04 09:02:09,77.175,4
2021-10-04 09:02:11,77.175,1
2021-10-04 09:02:12,77.175,4
2021-10-04 09:02:13,77.175,3
2021-10-04 09:02:17,77.2,3
2021-10-04 09:02:17,77.225,1
2021-10-04 09:02:17,77.2,1
2021-10-04 09:02:17,77.225,3
2021-10-04 09:02:18,77.2,2
2021-10-04 09:02:20,77.225,3
2021-10-04 09:02:22,77.225,3
2021-10-04 09:02:24,77.225,2
2021-10-04 09:02:25,77.2,2
2021-10-04 09:02:26,77.2,1
2021-10-04 09:02:27,77.2,2
2021-10-04 09:02:31,77.2,2
2021-10-04 09:02:32,77.2,1
2021-10-04 09:02:35,77.175,1
2021-10-04 09:02:35,77.15,6
2021-10-04 09:02:36,77.125,1
2021-10-04 09:02:36,77.1,1
2021-10-04 09:02:42,77.15,1
2021-10-04 09:02:44,77.15,4
2021-10-04 09:02:55,77.175,2
2021-10-04 09:02:58,77.175,1
2021-10-04 09:03:00,77.15,1
2021-10-04 09:03:02,77.15,3
2021-10-04 09:03:02,77.125,20
2021-10-04 09:03:02,77.1,2
2021-10-04 09:03:05,77.1,1
2021-10-04 09:03:05,77.075,1
2021-10-04 09:03:06,77.05,1
2021-10-04 09:03:07,77.075,2
2021-10-04 09:03:08,77.075,1
2021-10-04 09:03:09,77.1,4
2021-10-04 09:03:11,77.1,1
2021-10-04 09:03:12,77.125,1
2021-10-04 09:03:14,77.125,1
2021-10-04 09:03:16,77.1,3
2021-10-04 09:03:17,77.075,1
2021-10-04 09:03:21,77.075,1
2021-10-04 09:03:31,77.075,2
2021-10-04 09:03:31,77.1,1
2021-10-04 09:03:33,77.1,2
2021-10-04 09:03:33,77.075,1
2021-10-04 09:03:34,77.075,2
2021-10-04 09:03:35,77.05,4
2021-10-04 09:03:35,77.075,4
2021-10-04 09:03:38,77.075,2
2021-10-04 09:03:38,77.125,2
2021-10-04 09:03:41,77.125,1
2021-10-04 09:03:46,77.125,1
2021-10-04 09:03:47,77.15,2
2021-10-04 09:03:48,77.125,5
2021-10-04 09:03:49,77.15,1
2021-10-04 09:03:50,77.15,4
2021-10-04 09:03:52,77.175,1
2021-10-04 09:03:55,77.175,1
2021-10-04 09:03:59,77.2,4
2021-10-04 09:04:01,77.2,1
2021-10-04 09:04:03,77.2,1
2021-10-04 09:04:05,77.2,1
2021-10-04 09:04:06,77.2,1
2021-10-04 09:04:08,77.225,8
2021-10-04 09:04:08,77.2,1
2021-10-04 09:04:09,77.25,6
2021-10-04 09:04:09,77.275,2
2021-10-04 09:04:13,77.25,1
2021-10-04 09:04:15,77.25,1
2021-10-04 09:04:15,77.225,1
2021-10-04 09:04:16,77.25,2
2021-10-04 09:04:17,77.225,2
2021-10-04 09:04:22,77.225,3
2021-10-04 09:04:25,77.2,5
2021-10-04 09:04:25,77.225,1
2021-10-04 09:04:30,77.2,1
2021-10-04 09:04:31,77.2,2
2021-10-04 09:04:32,77.2,1
2021-10-04 09:04:34,77.2,1
2021-10-04 09:04:35,77.2,2
2021-10-04 09:04:38,77.225,2
2021-10-04 09:04:38,77.2,3
2021-10-04 09:04:43,77.175,3
2021-10-04 09:04:44,77.175,1
2021-10-04 09:04:44,77.15,3
2021-10-04 09:04:45,77.15,1
2021-10-04 09:04:46,77.125,1
2021-10-04 09:04:48,77.125,1
2021-10-04 09:04:50,77.1,1
2021-10-04 09:04:51,77.1,1
2021-10-04 09:04:52,77.1,2
2021-10-04 09:04:54,77.075,1
2021-10-04 09:04:54,77.1,1
2021-10-04 09:04:55,77.1,1
2021-10-04 09:04:56,77.125,3
2021-10-04 09:04:56,77.15,2
2021-10-04 09:04:59,77.175,1
2021-10-04 09:05:01,77.175,1
2021-10-04 09:05:03,77.2,2
