Date,Last,Volume
2021-10-03 18:00:00,3413.5,3
2021-10-03 18:00:01,3418.0,2
2021-10-03 18:00:02,3428.0,4
2021-10-03 18:00:02,3430.75,1
2021-10-03 18:00:02,3433.0,3
2021-10-03 18:00:05,3416.75,2
2021-10-03 18:00:08,3419.75,1
2021-10-03 18:00:14,3423.5,1
2021-10-03 18:00:16,3431.25,1
2021-10-03 18:00:16,3427.25,1
2021-10-03 18:00:17,3426.75,1
2021-10-03 18:00:18,3430.0,1
2021-10-03 18:00:18,3426.5,1
2021-10-03 18:00:23,3433.0,1
2021-10-03 18:00:23,3426.0,2
2021-10-03 18:00:25,3430.75,1
2021-10-03 18:00:25,3431.0,1
2021-10-03 18:00:29,3429.25,2
2021-10-03 18:00:31,3433.0,1
2021-10-03 18:00:32,3430.0,1
2021-10-03 18:00:32,3427.0,1
2021-10-03 18:00:32,3420.75,1
2021-10-03 18:00:35,3426.25,1
2021-10-03 18:00:40,3423.75,2
2021-10-03 18:00:42,3427.75,2
2021-10-03 18:00:48,3436.5,2
2021-10-03 18:00:48,3430.75,1
2021-10-03 18:00:50,3431.5,1
2021-10-03 18:00:55,3432.5,1
2021-10-03 18:01:56,3440.0,1
2021-10-03 18:01:58,3438.0,1
2021-10-03 18:02:07,3433.75,1
2021-10-03 18:02:17,3440.0,1
2021-10-03 18:02:19,3439.0,1
2021-10-03 18:03:00,3437.0,1
2021-10-03 18:03:00,3432.75,1
2021-10-03 18:03:08,3437.0,1
2021-10-03 18:03:10,3436.0,2
2021-10-03 18:03:10,3436.5,1
2021-10-03 18:03:27,3432.0,1
2021-10-03 18:03:51,3439.0,1
2021-10-03 18:04:50,3434.0,1
2021-10-03 18:04:50,3433.75,1
2021-10-03 18:04:50,3429.5,1
2021-10-03 18:05:00,3438.5,1
2021-10-03 18:05:00,3433.25,1
2021-10-03 18:05:15,3437.0,1
2021-10-03 18:05:15,3429.5,1
2021-10-03 18:05:35,3440.0,1
2021-10-03 18:06:59,3441.25,1
2021-10-03 18:07:10,3441.5,1
2021-10-03 18:07:44,3441.25,1
2021-10-03 18:08:27,3440.25,1
2021-10-03 18:09:03,3439.0,1
2021-10-03 18:09:03,3438.75,1
2021-10-03 18:09:36,3440.75,1
2021-10-03 18:09:41,3440.25,2
2021-10-03 18:10:01,3439.5,1
2021-10-03 18:10:20,3435.5,1
2021-10-03 18:10:20,3435.25,1
2021-10-03 18:12:22,3438.5,1
2021-10-03 18:12:22,3440.25,1
2021-10-03 18:12:23,3441.0,1
2021-10-03 18:12:44,3438.75,1
2021-10-03 18:12:45,3437.25,1
2021-10-03 18:13:08,3438.75,1
2021-10-03 18:13:16,3437.5,1
2021-10-03 18:13:51,3439.0,1
2021-10-03 18:13:51,3439.25,1
2021-10-03 18:13:54,3437.75,1
2021-10-03 18:14:01,3439.75,1
2021-10-03 18:14:02,3440.25,1
2021-10-03 18:14:47,3442.25,1
2021-10-03 18:14:49,3440.0,1
2021-10-03 18:15:04,3439.25,1
2021-10-03 18:15:04,3438.75,1
2021-10-03 18:15:24,3438.25,1
2021-10-03 18:15:26,3439.5,1
2021-10-03 18:15:26,3439.75,2
2021-10-03 18:15:26,3440.5,1
2021-10-03 18:15:27,3441.75,1
2021-10-03 18:15:44,3447.25,1
2021-10-03 18:15:45,3442.5,2
2021-10-03 18:15:45,3442.25,1
2021-10-03 18:15:55,3447.0,1
2021-10-03 18:15:57,3447.25,1
2021-10-03 18:16:17,3450.0,1
2021-10-03 18:16:30,3450.0,1
2021-10-03 18:20:30,3448.5,1
2021-10-03 18:20:38,3450.5,2
2021-10-03 18:20:52,3451.0,1
2021-10-03 18:21:00,3451.0,1
2021-10-03 18:21:35,3454.5,1
2021-10-03 18:25:31,3453.25,1
2021-10-03 18:25:34,3453.25,1
2021-10-03 18:25:37,3456.0,1
2021-10-03 18:26:41,3448.5,1
2021-10-03 18:28:23,3453.0,1
2021-10-03 18:29:45,3451.0,1
2021-10-03 18:30:58,3454.0,1
2021-10-03 18:30:58,3456.5,1
2021-10-03 18:30:58,3454.0,3
2021-10-03 18:33:12,3448.75,1
2021-10-03 18:33:12,3447.75,1
2021-10-03 18:33:12,3447.5,2
2021-10-03 18:33:35,3450.0,1
2021-10-03 18:34:38,3455.25,1
2021-10-03 18:35:11,3457.0,1
2021-10-03 18:35:21,3456.0,1
2021-10-03 18:36:45,3457.5,1
2021-10-03 18:36:49,3460.0,4
2021-10-03 18:36:49,3460.25,1
2021-10-03 18:36:49,3461.25,2
2021-10-03 18:36:53,3461.5,1
2021-10-03 18:36:54,3460.25,1
2021-10-03 18:41:30,3450.0,2
2021-10-03 18:41:30,3449.75,1
2021-10-03 18:41:30,3449.5,1
2021-10-03 18:41:30,3449.25,2
2021-10-03 18:41:30,3449.0,2
2021-10-03 18:41:30,3448.75,1
2021-10-03 18:41:30,3448.5,1
2021-10-03 18:41:30,3448.25,2
2021-10-03 18:41:30,3449.5,1
2021-10-03 18:41:31,3448.25,1
2021-10-03 18:41:31,3447.25,1
2021-10-03 18:41:35,3448.5,1
2021-10-03 18:41:40,3448.0,1
2021-10-03 18:41:41,3447.5,7
2021-10-03 18:41:44,3450.25,1
2021-10-03 18:43:11,3451.0,1
2021-10-03 18:43:11,3451.25,1
2021-10-03 18:44:21,3444.75,2
2021-10-03 18:44:21,3444.5,2
2021-10-03 18:44:21,3444.0,1
2021-10-03 18:44:32,3443.25,1
2021-10-03 18:45:39,3446.0,1
2021-10-03 18:47:17,3442.5,2
2021-10-03 18:47:17,3441.5,1
2021-10-03 18:47:17,3442.0,1
2021-10-03 18:47:17,3441.75,3
2021-10-03 18:47:18,3440.75,1
2021-10-03 18:47:18,3440.0,2
2021-10-03 18:47:19,3438.25,2
2021-10-03 18:47:58,3435.0,4
2021-10-03 18:48:00,3435.5,1
2021-10-03 18:48:50,3434.25,1
2021-10-03 18:49:00,3439.0,1
2021-10-03 18:49:45,3442.5,1
2021-10-03 18:52:56,3437.0,1
2021-10-03 18:52:56,3436.75,1
2021-10-03 18:52:56,3435.5,1
2021-10-03 18:52:56,3440.5,1
2021-10-03 18:52:56,3435.0,1
2021-10-03 18:52:56,3433.75,1
2021-10-03 18:52:56,3433.5,1
2021-10-03 18:52:56,3432.75,2
2021-10-03 18:52:56,3440.0,1
2021-10-03 18:52:56,3440.25,1
2021-10-03 18:52:56,3433.5,1
2021-10-03 18:52:56,3432.0,2
2021-10-03 18:52:56,3432.75,1
2021-10-03 18:52:57,3432.0,1
2021-10-03 18:52:57,3429.5,1
2021-10-03 18:53:00,3428.25,1
2021-10-03 18:53:01,3429.75,1
2021-10-03 18:53:01,3430.0,1
2021-10-03 18:53:39,3435.0,1
2021-10-03 18:53:51,3432.25,1
2021-10-03 18:54:25,3434.75,1
2021-10-03 18:54:25,3435.0,2
2021-10-03 18:54:46,3438.75,1
2021-10-03 18:54:55,3437.75,1
2021-10-03 18:58:04,3434.5,1
2021-10-03 18:58:18,3436.0,1
2021-10-03 18:58:27,3435.25,1
2021-10-03 19:01:06,3433.5,2
2021-10-03 19:08:59,3442.0,1
2021-10-03 19:09:01,3445.5,1
2021-10-03 19:11:32,3450.75,1
2021-10-03 19:11:33,3450.75,1
2021-10-03 19:11:58,3445.0,1
2021-10-03 19:12:50,3443.75,1
2021-10-03 19:14:52,3452.5,1
2021-10-03 19:14:52,3452.75,1
2021-10-03 19:14:52,3453.75,2
2021-10-03 19:14:52,3454.0,2
2021-10-03 19:14:52,3454.25,2
2021-10-03 19:14:52,3456.75,1
2021-10-03 19:14:52,3457.0,1
2021-10-03 19:14:52,3458.75,1
2021-10-03 19:15:23,3459.5,1
2021-10-03 19:16:07,3458.75,1
2021-10-03 19:16:07,3458.5,1
2021-10-03 19:18:03,3447.5,2
2021-10-03 19:21:04,3443.75,1
2021-10-03 19:21:04,3443.5,1
2021-10-03 19:21:04,3443.25,1
2021-10-03 19:21:04,3443.0,2
2021-10-03 19:21:33,3453.75,1
2021-10-03 19:22:23,3445.75,2
2021-10-03 19:22:24,3445.75,3
2021-10-03 19:23:11,3440.0,12
2021-10-03 19:23:11,3439.5,1
2021-10-03 19:23:13,3440.0,1
2021-10-03 19:23:13,3439.0,2
2021-10-03 19:23:47,3437.25,1
2021-10-03 19:23:49,3436.0,1
2021-10-03 19:24:08,3437.75,1
2021-10-03 19:24:16,3441.5,1
2021-10-03 19:25:24,3447.25,1
2021-10-03 19:30:00,3446.25,1
2021-10-03 19:41:18,3450.0,2
2021-10-03 19:41:18,3452.25,1
2021-10-03 19:44:14,3447.75,1
2021-10-03 19:47:32,3445.0,1
2021-10-03 19:49:01,3448.0,1
2021-10-03 19:53:48,3445.25,1
2021-10-03 19:55:20,3442.0,1
2021-10-03 19:55:20,3441.75,1
2021-10-03 19:55:20,3441.5,1
2021-10-03 19:56:02,3444.5,1
2021-10-03 19:56:28,3448.0,1
2021-10-03 19:56:28,3448.25,1
2021-10-03 19:57:05,3447.0,1
2021-10-03 19:57:05,3446.75,1
2021-10-03 20:01:38,3440.0,1
2021-10-03 20:02:15,3443.25,1
2021-10-03 20:02:41,3438.25,4
2021-10-03 20:03:00,3439.25,1
2021-10-03 20:04:53,3452.5,1
2021-10-03 20:05:09,3452.0,1
2021-10-03 20:06:35,3443.0,1
2021-10-03 20:08:06,3446.0,1
2021-10-03 20:08:15,3447.25,1
2021-10-03 20:08:34,3448.75,1
2021-10-03 20:09:04,3450.0,2
2021-10-03 20:09:36,3451.0,1
2021-10-03 20:09:37,3451.5,1
2021-10-03 20:10:05,3454.0,2
2021-10-03 20:10:06,3455.25,1
2021-10-03 20:10:39,3450.0,1
2021-10-03 20:11:15,3446.0,1
2021-10-03 20:11:26,3445.75,1
2021-10-03 20:14:05,3444.0,1
2021-10-03 20:14:05,3443.75,1
2021-10-03 20:14:06,3442.5,1
2021-10-03 20:14:19,3440.75,1
2021-10-03 20:14:19,3440.5,1
2021-10-03 20:14:57,3442.75,1
2021-10-03 20:16:03,3438.0,1
2021-10-03 20:19:17,3432.25,1
2021-10-03 20:19:17,3432.0,2
2021-10-03 20:19:17,3431.75,4
2021-10-03 20:19:17,3432.0,1
2021-10-03 20:20:09,3435.0,1
2021-10-03 20:20:41,3432.0,1
2021-10-03 20:24:29,3434.5,1
2021-10-03 20:24:29,3434.75,1
2021-10-03 20:24:29,3435.0,3
2021-10-03 20:24:30,3436.5,1
2021-10-03 20:24:32,3436.25,2
2021-10-03 20:25:34,3436.5,1
2021-10-03 20:25:35,3438.25,1
2021-10-03 20:25:36,3435.75,1
2021-10-03 20:25:36,3435.25,3
2021-10-03 20:25:36,3435.0,2
2021-10-03 20:25:50,3435.75,1
2021-10-03 20:27:35,3435.5,1
2021-10-03 20:27:36,3436.25,1
2021-10-03 20:27:36,3436.5,1
2021-10-03 20:27:37,3438.25,1
2021-10-03 20:28:52,3436.25,1
2021-10-03 20:28:52,3435.75,1
2021-10-03 20:28:59,3435.5,1
2021-10-03 20:29:33,3438.5,1
2021-10-03 20:29:49,3436.25,1
2021-10-03 20:30:40,3432.5,1
2021-10-03 20:32:10,3434.25,1
2021-10-03 20:32:31,3435.25,1
2021-10-03 20:32:54,3429.75,2
2021-10-03 20:32:54,3427.75,1
2021-10-03 20:33:18,3426.25,1
2021-10-03 20:33:19,3426.0,1
2021-10-03 20:34:05,3429.25,1
2021-10-03 20:34:05,3430.25,1
2021-10-03 20:34:20,3428.5,1
2021-10-03 20:35:09,3427.5,1
2021-10-03 20:38:53,3422.75,1
2021-10-03 20:39:04,3421.25,1
2021-10-03 20:39:29,3422.5,1
2021-10-03 20:39:29,3423.0,2
2021-10-03 20:39:30,3423.25,1
2021-10-03 20:39:30,3424.75,1
2021-10-03 20:41:10,3420.0,2
2021-10-03 20:41:11,3420.5,1
2021-10-03 20:41:28,3416.0,2
2021-10-03 20:42:08,3410.0,1
2021-10-03 20:42:43,3413.0,1
2021-10-03 20:42:59,3414.0,2
2021-10-03 20:42:59,3413.75,1
2021-10-03 20:42:59,3413.5,1
2021-10-03 20:42:59,3413.25,2
2021-10-03 20:42:59,3413.0,1
2021-10-03 20:42:59,3412.75,3
2021-10-03 20:42:59,3412.5,1
2021-10-03 20:42:59,3412.25,1
2021-10-03 20:42:59,3412.5,2
2021-10-03 20:42:59,3412.25,1
2021-10-03 20:42:59,3412.5,4
2021-10-03 20:42:59,3412.25,1
2021-10-03 20:42:59,3412.5,1
2021-10-03 20:42:59,3412.0,1
2021-10-03 20:42:59,3412.5,4
2021-10-03 20:42:59,3411.75,1
2021-10-03 20:42:59,3411.5,2
2021-10-03 20:42:59,3411.0,1
2021-10-03 20:42:59,3410.5,1
2021-10-03 20:42:59,3410.75,1
2021-10-03 20:43:00,3410.0,1
2021-10-03 20:43:05,3410.0,1
2021-10-03 20:43:11,3411.0,2
2021-10-03 20:43:14,3411.75,2
2021-10-03 20:43:17,3411.75,1
2021-10-03 20:43:17,3411.0,1
2021-10-03 20:43:24,3412.5,7
2021-10-03 20:43:25,3411.25,1
2021-10-03 20:43:29,3412.5,1
2021-10-03 20:43:32,3412.0,10
2021-10-03 20:43:32,3411.5,1
2021-10-03 20:43:32,3411.0,1
2021-10-03 20:43:32,3410.75,3
2021-10-03 20:43:32,3410.5,1
2021-10-03 20:43:32,3410.25,1
2021-10-03 20:43:34,3410.25,2
2021-10-03 20:43:36,3408.0,1
2021-10-03 20:43:37,3409.5,1
2021-10-03 20:43:39,3410.5,1
2021-10-03 20:43:40,3409.25,1
2021-10-03 20:43:45,3410.75,1
2021-10-03 20:43:45,3411.25,1
2021-10-03 20:43:45,3411.75,1
2021-10-03 20:43:54,3409.0,1
2021-10-03 20:43:58,3408.75,1
2021-10-03 20:44:15,3411.5,1
2021-10-03 20:44:20,3409.5,1
2021-10-03 20:44:20,3408.5,1
2021-10-03 20:44:20,3408.0,7
2021-10-03 20:44:20,3407.75,1
2021-10-03 20:44:20,3408.0,5
2021-10-03 20:44:20,3408.25,1
2021-10-03 20:44:20,3408.0,1
2021-10-03 20:44:20,3408.25,1
2021-10-03 20:44:22,3407.75,1
2021-10-03 20:44:22,3407.5,1
2021-10-03 20:44:22,3407.25,1
2021-10-03 20:44:22,3407.75,2
2021-10-03 20:44:28,3406.25,1
2021-10-03 20:44:35,3407.25,1
2021-10-03 20:44:43,3407.5,2
2021-10-03 20:44:51,3405.75,1
2021-10-03 20:44:53,3404.25,2
2021-10-03 20:44:53,3405.0,1
2021-10-03 20:44:53,3402.75,1
2021-10-03 20:44:53,3403.25,1
2021-10-03 20:44:55,3403.75,2
2021-10-03 20:44:56,3402.25,1
2021-10-03 20:44:56,3402.0,2
2021-10-03 20:44:58,3404.75,3
2021-10-03 20:44:58,3406.25,1
2021-10-03 20:45:08,3404.75,1
2021-10-03 20:45:08,3405.5,1
2021-10-03 20:45:08,3407.0,1
2021-10-03 20:45:08,3407.5,1
2021-10-03 20:45:35,3412.0,10
2021-10-03 20:45:37,3410.75,1
2021-10-03 20:45:43,3409.5,1
2021-10-03 20:45:51,3409.75,9
2021-10-03 20:45:51,3408.75,5
2021-10-03 20:45:51,3408.5,2
2021-10-03 20:45:51,3408.0,1
2021-10-03 20:45:52,3408.0,1
2021-10-03 20:45:53,3407.75,1
2021-10-03 20:45:53,3407.5,2
2021-10-03 20:45:54,3407.25,1
2021-10-03 20:45:55,3406.25,1
2021-10-03 20:45:55,3404.75,2
2021-10-03 20:45:55,3404.5,4
2021-10-03 20:46:03,3407.25,1
2021-10-03 20:46:14,3409.5,1
2021-10-03 20:46:18,3409.75,1
2021-10-03 20:47:10,3411.0,1
2021-10-03 20:47:10,3411.25,1
2021-10-03 20:47:10,3411.5,1
2021-10-03 20:47:10,3411.75,1
2021-10-03 20:47:10,3414.25,1
2021-10-03 20:47:11,3412.25,1
2021-10-03 20:47:24,3411.5,8
2021-10-03 20:47:33,3411.5,1
2021-10-03 20:47:39,3410.0,1
2021-10-03 20:47:40,3409.25,2
2021-10-03 20:47:48,3410.5,1
2021-10-03 20:47:53,3407.75,1
2021-10-03 20:47:55,3406.5,1
2021-10-03 20:47:55,3406.0,1
2021-10-03 20:48:00,3407.75,1
2021-10-03 20:48:33,3409.0,10
2021-10-03 20:48:33,3407.75,1
2021-10-03 20:48:33,3408.0,1
2021-10-03 20:48:33,3407.75,1
2021-10-03 20:48:33,3407.5,1
2021-10-03 20:48:34,3406.75,1
2021-10-03 20:48:35,3407.25,1
2021-10-03 20:48:35,3407.0,2
2021-10-03 20:48:35,3407.25,2
2021-10-03 20:48:35,3405.25,1
2021-10-03 20:48:40,3407.25,1
2021-10-03 20:49:01,3406.5,1
2021-10-03 20:49:01,3406.25,1
2021-10-03 20:49:10,3404.5,1
2021-10-03 20:49:24,3407.0,1
2021-10-03 20:49:49,3408.25,1
2021-10-03 20:49:49,3409.0,1
2021-10-03 20:49:50,3409.0,5
2021-10-03 20:49:50,3407.75,1
2021-10-03 20:49:50,3407.5,1
2021-10-03 20:49:51,3408.75,1
2021-10-03 20:50:00,3406.75,1
2021-10-03 20:50:01,3408.25,1
2021-10-03 20:50:01,3408.5,1
2021-10-03 20:50:02,3409.0,4
2021-10-03 20:50:02,3408.75,1
2021-10-03 20:50:04,3409.75,1
2021-10-03 20:50:07,3409.25,2
2021-10-03 20:50:08,3411.0,1
2021-10-03 20:50:08,3411.5,2
2021-10-03 20:50:08,3411.0,1
2021-10-03 20:50:08,3411.5,2
2021-10-03 20:50:08,3409.5,1
2021-10-03 20:50:18,3411.5,1
2021-10-03 20:51:01,3410.5,2
2021-10-03 20:51:14,3408.25,1
2021-10-03 20:52:23,3407.0,1
2021-10-03 20:52:23,3406.75,1
2021-10-03 20:52:23,3406.5,1
2021-10-03 20:52:23,3405.5,4
2021-10-03 20:52:23,3405.25,1
2021-10-03 20:52:23,3405.5,1
2021-10-03 20:52:57,3405.0,1
2021-10-03 20:53:46,3401.75,2
2021-10-03 20:54:41,3400.0,1
2021-10-03 20:54:56,3403.0,2
2021-10-03 20:54:56,3404.0,2
2021-10-03 20:54:57,3404.0,1
2021-10-03 20:55:19,3404.0,1
2021-10-03 20:55:19,3403.75,1
2021-10-03 20:55:20,3403.5,1
2021-10-03 20:56:28,3402.5,1
2021-10-03 20:56:54,3395.25,2
2021-10-03 20:56:54,3394.75,1
2021-10-03 20:56:54,3395.25,1
2021-10-03 20:56:54,3394.75,2
2021-10-03 20:56:55,3394.5,1
2021-10-03 20:56:55,3393.75,1
2021-10-03 20:56:55,3392.5,1
2021-10-03 20:56:55,3392.25,1
2021-10-03 20:56:55,3391.5,1
2021-10-03 20:56:55,3393.5,1
2021-10-03 20:56:55,3393.75,1
2021-10-03 20:56:55,3393.5,1
2021-10-03 20:56:55,3393.25,1
2021-10-03 20:56:56,3394.25,1
2021-10-03 20:56:56,3391.5,1
2021-10-03 20:56:56,3390.25,1
2021-10-03 20:56:56,3389.5,1
2021-10-03 20:56:56,3390.0,1
2021-10-03 20:56:57,3389.75,1
2021-10-03 20:56:58,3389.0,1
2021-10-03 20:56:59,3390.25,1
2021-10-03 20:57:00,3389.25,1
2021-10-03 20:57:00,3388.0,2
2021-10-03 20:57:00,3387.25,2
2021-10-03 20:57:00,3388.75,1
2021-10-03 20:57:00,3387.0,1
2021-10-03 20:57:02,3386.75,1
2021-10-03 20:57:02,3386.25,2
2021-10-03 20:57:02,3386.5,1
2021-10-03 20:57:02,3387.5,3
2021-10-03 20:57:03,3386.75,1
2021-10-03 20:57:05,3390.75,1
2021-10-03 20:57:05,3391.0,1
2021-10-03 20:57:09,3390.25,1
2021-10-03 20:57:16,3389.75,1
2021-10-03 20:57:16,3390.75,1
2021-10-03 20:57:23,3392.0,1
2021-10-03 20:58:01,3397.25,1
2021-10-03 20:58:46,3400.25,1
2021-10-03 20:59:09,3394.5,1
2021-10-03 20:59:43,3393.5,2
2021-10-03 20:59:58,3388.75,2
2021-10-03 21:00:13,3387.0,1
2021-10-03 21:00:43,3381.5,2
2021-10-03 21:00:43,3383.25,1
2021-10-03 21:00:46,3384.75,1
2021-10-03 21:00:46,3384.5,1
2021-10-03 21:01:18,3386.5,1
2021-10-03 21:01:18,3386.75,1
2021-10-03 21:01:19,3388.75,2
2021-10-03 21:01:19,3388.5,2
2021-10-03 21:01:34,3389.25,2
2021-10-03 21:02:18,3394.5,1
2021-10-03 21:02:18,3395.75,2
2021-10-03 21:02:27,3394.75,3
2021-10-03 21:02:27,3394.5,4
2021-10-03 21:02:27,3394.25,4
2021-10-03 21:02:27,3394.0,1
2021-10-03 21:02:27,3393.5,1
2021-10-03 21:02:27,3393.25,1
2021-10-03 21:02:27,3393.0,9
2021-10-03 21:02:27,3392.5,2
2021-10-03 21:02:27,3391.5,1
2021-10-03 21:02:27,3391.25,2
2021-10-03 21:02:27,3392.5,1
2021-10-03 21:02:27,3392.0,2
2021-10-03 21:02:29,3390.0,2
2021-10-03 21:02:29,3391.0,1
2021-10-03 21:02:34,3390.0,1
2021-10-03 21:02:37,3388.75,1
2021-10-03 21:03:01,3387.75,1
2021-10-03 21:03:07,3387.75,1
2021-10-03 21:03:27,3383.75,2
2021-10-03 21:03:46,3381.5,1
2021-10-03 21:03:46,3380.25,13
2021-10-03 21:03:46,3380.0,1
2021-10-03 21:03:46,3379.75,1
2021-10-03 21:03:46,3380.0,1
2021-10-03 21:03:46,3379.75,1
2021-10-03 21:03:46,3380.0,1
2021-10-03 21:03:46,3381.25,2
2021-10-03 21:03:46,3379.5,1
2021-10-03 21:03:46,3379.75,1
2021-10-03 21:03:46,3379.25,1
2021-10-03 21:03:46,3379.0,2
2021-10-03 21:03:46,3379.25,1
2021-10-03 21:03:46,3379.5,1
2021-10-03 21:03:47,3379.75,1
2021-10-03 21:03:56,3378.75,1
2021-10-03 21:03:57,3379.0,1
2021-10-03 21:04:02,3381.0,1
2021-10-03 21:04:04,3380.0,1
2021-10-03 21:04:12,3380.75,1
2021-10-03 21:04:17,3382.5,2
2021-10-03 21:04:19,3382.5,1
2021-10-03 21:04:24,3382.5,1
2021-10-03 21:04:27,3383.0,1
2021-10-03 21:04:27,3384.0,1
2021-10-03 21:04:27,3384.5,1
2021-10-03 21:04:30,3384.0,2
2021-10-03 21:04:37,3382.25,1
2021-10-03 21:04:39,3382.5,1
2021-10-03 21:04:52,3381.75,1
2021-10-03 21:04:58,3381.5,1
2021-10-03 21:05:03,3383.25,1
2021-10-03 21:05:03,3383.75,1
2021-10-03 21:05:28,3378.5,1
2021-10-03 21:05:32,3378.0,2
2021-10-03 21:05:46,3378.25,1
2021-10-03 21:05:56,3379.0,1
2021-10-03 21:06:18,3377.75,1
2021-10-03 21:06:22,3378.75,2
2021-10-03 21:06:22,3379.75,1
2021-10-03 21:06:26,3380.5,1
2021-10-03 21:06:27,3379.75,1
2021-10-03 21:06:29,3380.0,2
2021-10-03 21:06:39,3376.5,1
2021-10-03 21:06:39,3375.75,1
2021-10-03 21:06:39,3374.5,1
2021-10-03 21:06:39,3374.0,1
2021-10-03 21:06:39,3373.5,3
2021-10-03 21:06:39,3373.25,1
2021-10-03 21:06:39,3374.5,1
2021-10-03 21:06:40,3375.0,1
2021-10-03 21:06:40,3372.75,1
2021-10-03 21:06:40,3372.5,1
2021-10-03 21:07:08,3369.0,3
2021-10-03 21:07:08,3368.75,1
2021-10-03 21:07:08,3368.5,1
2021-10-03 21:07:08,3367.25,1
2021-10-03 21:07:08,3369.25,1
2021-10-03 21:07:08,3369.5,1
2021-10-03 21:07:09,3371.5,1
2021-10-03 21:07:09,3371.75,3
2021-10-03 21:07:11,3370.0,1
2021-10-03 21:07:49,3376.75,3
2021-10-03 21:07:49,3377.0,1
2021-10-03 21:07:49,3377.25,1
2021-10-03 21:07:49,3377.5,1
2021-10-03 21:07:57,3372.0,1
2021-10-03 21:07:58,3371.75,1
2021-10-03 21:08:15,3374.25,1
2021-10-03 21:08:18,3375.75,3
2021-10-03 21:08:18,3376.0,2
2021-10-03 21:08:18,3376.5,1
2021-10-03 21:08:19,3376.25,1
2021-10-03 21:08:22,3376.25,1
2021-10-03 21:08:22,3376.75,1
2021-10-03 21:08:24,3376.0,1
2021-10-03 21:08:27,3377.75,2
2021-10-03 21:08:27,3379.0,1
2021-10-03 21:08:27,3379.25,2
2021-10-03 21:08:43,3376.0,2
2021-10-03 21:08:46,3375.5,1
2021-10-03 21:08:46,3375.25,1
2021-10-03 21:08:55,3375.25,1
2021-10-03 21:08:59,3375.75,1
2021-10-03 21:10:04,3385.5,1
2021-10-03 21:10:04,3385.75,1
2021-10-03 21:10:57,3387.0,1
2021-10-03 21:10:58,3388.0,1
2021-10-03 21:11:08,3387.5,1
2021-10-03 21:11:37,3389.5,1
2021-10-03 21:11:37,3390.0,1
2021-10-03 21:12:37,3390.25,1
2021-10-03 21:12:37,3390.0,1
2021-10-03 21:12:52,3392.5,1
2021-10-03 21:12:57,3393.0,2
2021-10-03 21:13:23,3397.5,1
2021-10-03 21:13:42,3398.5,1
2021-10-03 21:13:42,3398.25,1
2021-10-03 21:15:01,3394.5,1
2021-10-03 21:15:22,3399.75,1
2021-10-03 21:15:33,3399.25,1
2021-10-03 21:15:33,3398.75,1
2021-10-03 21:16:07,3394.75,2
2021-10-03 21:16:10,3395.5,1
2021-10-03 21:16:18,3398.0,1
2021-10-03 21:16:30,3394.5,1
2021-10-03 21:16:35,3394.75,1
2021-10-03 21:16:35,3394.5,1
2021-10-03 21:17:11,3394.0,1
2021-10-03 21:17:33,3398.75,1
2021-10-03 21:17:34,3399.25,1
2021-10-03 21:18:46,3401.75,1
2021-10-03 21:18:46,3402.0,1
2021-10-03 21:18:46,3402.25,1
2021-10-03 21:18:46,3402.5,1
2021-10-03 21:18:46,3403.75,3
2021-10-03 21:18:46,3404.25,1
2021-10-03 21:18:49,3402.75,2
2021-10-03 21:18:49,3402.25,1
2021-10-03 21:23:01,3406.5,1
2021-10-03 21:23:07,3409.75,2
2021-10-03 21:23:13,3412.0,1
2021-10-03 21:23:35,3413.75,1
2021-10-03 21:24:58,3417.5,1
2021-10-03 21:24:58,3417.25,1
2021-10-03 21:25:01,3415.5,1
2021-10-03 21:25:05,3415.5,1
2021-10-03 21:28:53,3403.0,1
2021-10-03 21:29:29,3403.5,1
2021-10-03 21:29:55,3404.0,1
2021-10-03 21:31:26,3397.75,2
2021-10-03 21:31:26,3398.0,3
2021-10-03 21:31:26,3394.75,1
2021-10-03 21:32:11,3399.25,1
2021-10-03 21:32:11,3399.0,1
2021-10-03 21:32:32,3397.5,1
2021-10-03 21:34:24,3401.25,1
2021-10-03 21:35:50,3399.0,1
2021-10-03 21:36:02,3403.25,1
2021-10-03 21:36:03,3402.75,1
2021-10-03 21:36:51,3402.25,2
2021-10-03 21:36:51,3402.0,1
2021-10-03 21:37:12,3398.75,1
2021-10-03 21:37:12,3397.25,1
2021-10-03 21:37:29,3394.75,1
2021-10-03 21:38:20,3392.75,1
2021-10-03 21:38:22,3394.25,2
2021-10-03 21:38:41,3391.5,1
2021-10-03 21:39:24,3394.25,1
2021-10-03 21:40:59,3398.5,1
2021-10-03 21:40:59,3398.75,1
2021-10-03 21:40:59,3399.0,2
2021-10-03 21:40:59,3399.25,1
2021-10-03 21:42:37,3398.75,1
2021-10-03 21:43:54,3403.0,3
2021-10-03 21:43:54,3402.0,1
2021-10-03 21:44:08,3399.25,1
2021-10-03 21:44:13,3400.5,1
2021-10-03 21:44:13,3401.0,3
2021-10-03 21:44:13,3401.25,1
2021-10-03 21:44:13,3401.5,1
2021-10-03 21:44:13,3402.0,1
2021-10-03 21:44:13,3402.25,1
2021-10-03 21:44:13,3402.0,1
2021-10-03 21:46:43,3406.5,1
2021-10-03 21:47:50,3404.5,1
2021-10-03 21:48:35,3404.5,1
2021-10-03 21:49:53,3400.5,1
2021-10-03 21:50:45,3400.75,3
2021-10-03 21:50:45,3401.0,2
2021-10-03 21:50:45,3401.25,1
2021-10-03 21:50:45,3401.0,1
2021-10-03 21:51:12,3398.5,2
2021-10-03 21:51:12,3399.0,1
2021-10-03 21:51:23,3397.5,1
2021-10-03 21:52:00,3400.0,4
2021-10-03 21:52:21,3400.5,1
2021-10-03 21:52:21,3400.75,1
2021-10-03 21:53:43,3402.75,1
2021-10-03 21:53:43,3403.0,2
2021-10-03 21:54:22,3400.5,1
2021-10-03 21:55:09,3399.0,1
2021-10-03 21:55:17,3398.75,1
2021-10-03 21:55:42,3399.25,1
2021-10-03 21:55:44,3401.75,1
2021-10-03 21:56:44,3400.0,1
2021-10-03 21:58:36,3401.25,1
2021-10-03 21:58:43,3397.25,1
2021-10-03 21:59:51,3396.0,1
2021-10-03 21:59:53,3394.75,2
2021-10-03 22:00:05,3395.5,2
2021-10-03 22:00:05,3395.75,1
2021-10-03 22:00:05,3396.0,1
2021-10-03 22:00:12,3392.25,1
2021-10-03 22:00:18,3395.5,1
2021-10-03 22:00:52,3395.25,1
2021-10-03 22:01:01,3393.25,1
2021-10-03 22:01:47,3388.0,1
2021-10-03 22:02:26,3386.0,1
2021-10-03 22:02:44,3389.25,1
2021-10-03 22:02:50,3389.25,1
2021-10-03 22:03:28,3390.25,1
2021-10-03 22:06:47,3392.0,2
2021-10-03 22:06:47,3392.25,3
2021-10-03 22:06:47,3392.5,1
2021-10-03 22:06:47,3392.75,2
2021-10-03 22:06:47,3393.0,2
2021-10-03 22:06:48,3391.25,2
2021-10-03 22:06:48,3390.75,1
2021-10-03 22:06:49,3394.25,3
2021-10-03 22:06:49,3394.5,1
2021-10-03 22:07:13,3394.5,1
2021-10-03 22:07:28,3394.0,1
2021-10-03 22:07:28,3395.25,1
2021-10-03 22:07:28,3395.75,1
2021-10-03 22:07:32,3394.5,1
2021-10-03 22:07:38,3392.5,1
2021-10-03 22:07:38,3392.75,1
2021-10-03 22:08:07,3388.5,1
2021-10-03 22:08:07,3388.75,1
2021-10-03 22:08:40,3390.25,2
2021-10-03 22:08:43,3393.0,2
2021-10-03 22:08:56,3394.5,1
2021-10-03 22:08:57,3395.0,1
2021-10-03 22:08:57,3396.0,1
2021-10-03 22:09:14,3396.25,2
2021-10-03 22:09:26,3398.0,1
2021-10-03 22:09:46,3395.0,1
2021-10-03 22:10:37,3392.5,1
2021-10-03 22:10:37,3392.25,1
2021-10-03 22:10:38,3391.25,1
2021-10-03 22:10:38,3390.25,1
2021-10-03 22:10:40,3391.25,1
2021-10-03 22:11:28,3393.5,1
2021-10-03 22:11:59,3397.5,1
2021-10-03 22:12:10,3398.75,1
2021-10-03 22:12:16,3400.75,1
2021-10-03 22:12:16,3401.25,2
2021-10-03 22:12:30,3401.25,1
2021-10-03 22:12:40,3401.75,1
2021-10-03 22:12:44,3401.75,1
2021-10-03 22:12:47,3399.5,1
2021-10-03 22:12:55,3398.5,1
2021-10-03 22:12:59,3397.75,1
2021-10-03 22:13:08,3397.25,1
2021-10-03 22:13:26,3400.25,1
2021-10-03 22:13:32,3402.25,1
2021-10-03 22:13:33,3402.0,1
2021-10-03 22:13:35,3402.5,1
2021-10-03 22:13:38,3402.5,1
2021-10-03 22:13:42,3401.5,2
2021-10-03 22:13:55,3400.75,1
2021-10-03 22:14:26,3398.75,1
2021-10-03 22:14:29,3400.0,1
2021-10-03 22:15:24,3399.75,1
2021-10-03 22:15:42,3401.25,2
2021-10-03 22:15:42,3401.0,1
2021-10-03 22:16:03,3402.0,1
2021-10-03 22:16:09,3399.5,1
2021-10-03 22:16:16,3398.5,1
2021-10-03 22:16:21,3398.25,1
2021-10-03 22:16:30,3398.25,1
2021-10-03 22:16:51,3394.25,1
2021-10-03 22:16:56,3394.0,1
2021-10-03 22:16:56,3393.5,3
2021-10-03 22:16:56,3393.0,1
2021-10-03 22:16:56,3393.5,1
2021-10-03 22:17:11,3393.0,1
2021-10-03 22:17:18,3391.25,1
2021-10-03 22:18:03,3394.75,1
2021-10-03 22:18:03,3395.0,2
2021-10-03 22:20:06,3394.75,1
2021-10-03 22:20:31,3391.5,2
2021-10-03 22:20:31,3393.25,1
2021-10-03 22:20:31,3392.75,1
2021-10-03 22:20:31,3390.0,1
2021-10-03 22:20:31,3389.25,1
2021-10-03 22:20:32,3391.75,1
2021-10-03 22:21:25,3390.75,1
2021-10-03 22:21:25,3391.0,1
2021-10-03 22:21:25,3390.75,2
2021-10-03 22:21:25,3391.25,1
2021-10-03 22:24:27,3387.0,1
2021-10-03 22:24:27,3386.5,1
2021-10-03 22:24:28,3388.25,1
2021-10-03 22:24:29,3386.75,1
2021-10-03 22:24:43,3387.25,1
2021-10-03 22:25:06,3387.25,1
2021-10-03 22:25:29,3388.75,1
2021-10-03 22:26:21,3386.0,1
2021-10-03 22:26:21,3384.75,2
2021-10-03 22:26:28,3383.75,1
2021-10-03 22:26:31,3386.5,1
2021-10-03 22:26:36,3385.75,2
2021-10-03 22:27:52,3382.5,2
2021-10-03 22:27:58,3380.25,1
2021-10-03 22:27:58,3382.0,1
2021-10-03 22:28:16,3380.0,1
2021-10-03 22:28:23,3377.25,2
2021-10-03 22:28:24,3378.75,1
2021-10-03 22:28:38,3380.25,1
2021-10-03 22:29:14,3379.5,1
2021-10-03 22:29:16,3380.0,1
2021-10-03 22:29:37,3378.25,1
2021-10-03 22:29:37,3378.0,1
2021-10-03 22:29:37,3377.5,1
2021-10-03 22:29:38,3377.5,1
2021-10-03 22:29:39,3377.25,1
2021-10-03 22:29:39,3377.0,1
2021-10-03 22:30:29,3378.75,1
2021-10-03 22:30:29,3379.0,1
2021-10-03 22:30:34,3380.0,1
2021-10-03 22:30:34,3380.25,1
2021-10-03 22:31:33,3380.5,1
2021-10-03 22:31:33,3379.25,1
2021-10-03 22:31:48,3379.75,2
2021-10-03 22:33:13,3388.25,3
2021-10-03 22:33:13,3388.75,3
2021-10-03 22:33:14,3389.5,3
2021-10-03 22:33:18,3389.25,1
2021-10-03 22:33:22,3388.5,1
2021-10-03 22:33:28,3387.0,1
2021-10-03 22:34:04,3386.0,1
2021-10-03 22:34:04,3385.75,1
2021-10-03 22:34:22,3385.5,1
2021-10-03 22:34:22,3386.25,2
2021-10-03 22:34:22,3386.75,1
2021-10-03 22:34:23,3385.0,1
2021-10-03 22:35:03,3388.75,1
2021-10-03 22:35:37,3387.0,1
2021-10-03 22:37:11,3389.25,1
2021-10-03 22:37:21,3388.0,1
2021-10-03 22:37:37,3388.0,1
2021-10-03 22:37:37,3387.75,1
2021-10-03 22:37:37,3387.5,1
2021-10-03 22:37:37,3387.25,1
2021-10-03 22:38:33,3386.0,1
2021-10-03 22:39:12,3386.25,1
2021-10-03 22:40:03,3387.5,1
2021-10-03 22:40:08,3387.5,1
2021-10-03 22:40:08,3387.75,1
2021-10-03 22:40:36,3388.5,1
2021-10-03 22:43:22,3390.0,2
2021-10-03 22:43:22,3390.25,2
2021-10-03 22:43:22,3390.5,1
2021-10-03 22:43:59,3389.25,1
2021-10-03 22:43:59,3389.0,1
2021-10-03 22:43:59,3388.75,1
2021-10-03 22:45:47,3383.5,1
2021-10-03 22:47:25,3381.0,1
2021-10-03 22:48:22,3382.25,2
2021-10-03 22:49:34,3379.25,1
2021-10-03 22:49:34,3378.75,1
2021-10-03 22:49:34,3378.5,1
2021-10-03 22:49:46,3377.5,1
2021-10-03 22:51:14,3379.0,1
2021-10-03 22:52:00,3380.5,1
2021-10-03 22:52:14,3380.0,1
2021-10-03 22:52:14,3380.25,1
2021-10-03 22:52:14,3380.0,5
2021-10-03 22:54:10,3378.25,1
2021-10-03 22:54:10,3378.5,1
2021-10-03 22:54:10,3378.75,2
2021-10-03 22:57:15,3377.75,2
2021-10-03 22:57:22,3377.0,1
2021-10-03 22:57:59,3376.0,1
2021-10-03 22:58:28,3375.0,1
2021-10-03 22:58:28,3374.75,1
2021-10-03 22:58:29,3373.5,1
2021-10-03 22:58:29,3373.25,2
2021-10-03 22:58:33,3372.25,2
2021-10-03 22:58:35,3375.5,2
2021-10-03 22:58:35,3375.75,2
2021-10-03 22:58:49,3378.25,1
2021-10-03 22:58:50,3379.75,1
2021-10-03 22:58:50,3380.5,1
2021-10-03 22:58:50,3380.75,2
2021-10-03 22:58:50,3380.5,1
2021-10-03 22:58:50,3381.5,1
2021-10-03 22:58:51,3381.25,1
2021-10-03 22:58:53,3381.5,1
2021-10-03 22:58:56,3382.5,1
2021-10-03 22:59:13,3381.25,1
2021-10-03 22:59:13,3382.0,2
2021-10-03 22:59:22,3383.0,1
2021-10-03 22:59:22,3382.75,1
2021-10-03 22:59:27,3383.5,1
2021-10-03 23:00:52,3375.25,1
2021-10-03 23:01:06,3376.75,1
2021-10-03 23:01:32,3372.75,1
2021-10-03 23:01:32,3371.25,2
2021-10-03 23:01:33,3371.75,2
2021-10-03 23:01:33,3372.0,2
2021-10-03 23:01:33,3372.5,1
2021-10-03 23:01:35,3370.5,2
2021-10-03 23:01:35,3370.25,1
2021-10-03 23:01:35,3369.75,2
2021-10-03 23:01:35,3369.5,2
2021-10-03 23:02:18,3367.25,1
2021-10-03 23:02:20,3364.0,2
2021-10-03 23:02:20,3363.5,1
2021-10-03 23:02:21,3359.0,1
2021-10-03 23:02:21,3358.75,1
2021-10-03 23:02:22,3356.5,1
2021-10-03 23:02:22,3358.25,2
2021-10-03 23:02:22,3359.0,1
2021-10-03 23:02:22,3359.25,1
2021-10-03 23:02:22,3359.75,1
2021-10-03 23:02:22,3357.5,1
2021-10-03 23:02:22,3359.5,1
2021-10-03 23:02:22,3360.25,1
2021-10-03 23:02:23,3357.5,1
2021-10-03 23:02:23,3357.25,1
2021-10-03 23:02:23,3357.5,1
2021-10-03 23:02:23,3357.25,1
2021-10-03 23:02:23,3357.5,1
2021-10-03 23:02:23,3355.25,5
2021-10-03 23:02:24,3355.0,5
2021-10-03 23:02:26,3351.75,1
2021-10-03 23:02:27,3350.0,2
2021-10-03 23:02:28,3350.0,1
2021-10-03 23:02:28,3350.25,1
2021-10-03 23:02:28,3351.0,1
2021-10-03 23:02:29,3353.25,2
2021-10-03 23:02:29,3353.5,1
2021-10-03 23:02:29,3353.75,1
2021-10-03 23:02:29,3354.0,1
2021-10-03 23:02:31,3351.5,1
2021-10-03 23:02:32,3355.25,1
2021-10-03 23:02:32,3355.5,4
2021-10-03 23:02:34,3354.0,1
2021-10-03 23:02:36,3354.0,2
2021-10-03 23:02:36,3353.75,1
2021-10-03 23:02:36,3353.5,1
2021-10-03 23:02:36,3349.75,1
2021-10-03 23:02:36,3352.5,1
2021-10-03 23:02:39,3353.25,1
2021-10-03 23:02:46,3352.0,1
2021-10-03 23:02:47,3353.5,1
2021-10-03 23:02:49,3356.0,1
2021-10-03 23:03:00,3360.25,1
2021-10-03 23:03:35,3356.25,1
2021-10-03 23:03:58,3359.5,1
2021-10-03 23:04:01,3361.5,1
2021-10-03 23:04:41,3362.75,1
2021-10-03 23:05:59,3353.75,1
2021-10-03 23:07:23,3359.5,1
2021-10-03 23:07:45,3360.0,1
2021-10-03 23:07:45,3359.5,1
2021-10-03 23:07:45,3359.25,1
2021-10-03 23:07:52,3360.75,1
2021-10-03 23:08:39,3357.5,1
2021-10-03 23:08:58,3361.0,1
2021-10-03 23:09:38,3361.75,1
2021-10-03 23:10:13,3360.75,1
2021-10-03 23:12:38,3359.5,1
2021-10-03 23:12:56,3359.5,1
2021-10-03 23:13:15,3361.0,1
2021-10-03 23:13:34,3359.75,1
2021-10-03 23:13:55,3360.5,1
2021-10-03 23:13:55,3360.25,1
2021-10-03 23:14:04,3361.0,1
2021-10-03 23:14:04,3362.5,1
2021-10-03 23:14:33,3363.0,1
2021-10-03 23:14:34,3363.5,1
2021-10-03 23:14:35,3362.25,1
2021-10-03 23:14:35,3362.0,1
2021-10-03 23:15:49,3368.25,1
2021-10-03 23:15:49,3368.5,1
2021-10-03 23:16:03,3367.75,1
2021-10-03 23:16:39,3369.75,1
2021-10-03 23:16:39,3370.0,2
2021-10-03 23:16:41,3370.0,3
2021-10-03 23:16:52,3369.25,2
2021-10-03 23:18:27,3369.75,1
2021-10-03 23:19:00,3372.75,1
2021-10-03 23:19:22,3374.0,1
2021-10-03 23:19:22,3373.75,1
2021-10-03 23:20:00,3373.0,1
2021-10-03 23:20:02,3373.0,1
2021-10-03 23:20:43,3373.75,1
2021-10-03 23:21:43,3376.0,1
2021-10-03 23:21:43,3375.75,1
2021-10-03 23:21:43,3375.25,2
2021-10-03 23:21:43,3375.0,1
2021-10-03 23:21:48,3373.25,1
2021-10-03 23:21:57,3375.25,1
2021-10-03 23:21:59,3375.75,1
2021-10-03 23:22:19,3376.75,1
2021-10-03 23:22:26,3378.25,1
2021-10-03 23:22:26,3379.0,1
2021-10-03 23:22:32,3377.25,1
2021-10-03 23:22:47,3376.25,1
2021-10-03 23:23:23,3374.5,1
2021-10-03 23:23:23,3374.25,2
2021-10-03 23:23:29,3373.75,1
2021-10-03 23:23:58,3372.75,1
2021-10-03 23:23:58,3372.5,2
2021-10-03 23:23:58,3372.0,2
2021-10-03 23:24:05,3372.5,1
2021-10-03 23:24:30,3377.75,2
2021-10-03 23:24:30,3378.0,1
2021-10-03 23:24:30,3378.25,1
2021-10-03 23:24:30,3378.5,1
2021-10-03 23:24:30,3379.25,1
2021-10-03 23:24:30,3379.5,1
2021-10-03 23:24:30,3379.25,1
2021-10-03 23:24:30,3379.5,2
2021-10-03 23:24:41,3377.75,1
2021-10-03 23:24:43,3376.5,1
2021-10-03 23:24:43,3376.25,2
2021-10-03 23:24:43,3376.0,2
2021-10-03 23:24:45,3376.5,1
2021-10-03 23:24:52,3378.0,1
2021-10-03 23:25:20,3375.25,1
2021-10-03 23:25:23,3374.75,1
2021-10-03 23:25:39,3374.0,2
2021-10-03 23:25:48,3372.5,1
2021-10-03 23:26:37,3376.25,1
2021-10-03 23:26:46,3377.5,1
2021-10-03 23:26:46,3378.0,2
2021-10-03 23:26:46,3378.25,1
2021-10-03 23:26:48,3376.5,1
2021-10-03 23:27:51,3378.75,1
2021-10-03 23:27:51,3379.5,1
2021-10-03 23:27:59,3380.25,1
2021-10-03 23:27:59,3380.5,1
2021-10-03 23:27:59,3380.75,1
2021-10-03 23:27:59,3381.25,1
2021-10-03 23:28:00,3379.5,1
2021-10-03 23:28:00,3379.25,1
2021-10-03 23:28:03,3378.0,1
2021-10-03 23:28:04,3377.5,1
2021-10-03 23:28:04,3377.25,1
2021-10-03 23:28:04,3376.75,1
2021-10-03 23:28:05,3376.5,1
2021-10-03 23:28:05,3376.0,3
2021-10-03 23:28:05,3375.75,1
2021-10-03 23:28:06,3376.0,1
2021-10-03 23:28:06,3377.25,1
2021-10-03 23:28:08,3375.75,1
2021-10-03 23:28:12,3376.75,1
2021-10-03 23:28:43,3378.75,1
2021-10-03 23:29:01,3377.25,1
2021-10-03 23:29:01,3377.0,1
2021-10-03 23:30:12,3380.0,11
2021-10-03 23:30:17,3378.25,2
2021-10-03 23:30:17,3378.0,1
2021-10-03 23:30:17,3377.75,1
2021-10-03 23:30:28,3380.0,6
2021-10-03 23:30:42,3380.0,3
2021-10-03 23:30:42,3382.0,1
2021-10-03 23:31:22,3378.5,1
2021-10-03 23:32:01,3378.5,2
2021-10-03 23:32:02,3377.5,1
2021-10-03 23:32:06,3377.0,1
2021-10-03 23:33:48,3384.0,2
2021-10-03 23:33:48,3382.5,1
2021-10-03 23:33:48,3382.25,1
2021-10-03 23:33:48,3381.5,1
2021-10-03 23:33:49,3381.0,1
2021-10-03 23:33:56,3382.25,1
2021-10-03 23:34:54,3381.5,1
2021-10-03 23:35:00,3380.5,1
2021-10-03 23:37:16,3378.25,2
2021-10-03 23:37:16,3376.75,1
2021-10-03 23:37:38,3374.25,1
2021-10-03 23:39:02,3370.5,1
2021-10-03 23:40:00,3370.0,1
2021-10-03 23:40:55,3369.25,1
2021-10-03 23:43:54,3375.25,1
2021-10-03 23:44:03,3372.75,1
2021-10-03 23:44:39,3370.0,1
2021-10-03 23:44:39,3369.75,1
2021-10-03 23:44:43,3369.25,1
2021-10-03 23:45:29,3371.5,1
2021-10-03 23:45:43,3372.25,1
2021-10-03 23:46:21,3369.5,1
2021-10-03 23:46:21,3368.75,1
2021-10-03 23:46:21,3368.25,1
2021-10-03 23:46:21,3368.5,1
2021-10-03 23:46:21,3368.25,1
2021-10-03 23:46:22,3367.75,1
2021-10-03 23:46:23,3368.25,1
2021-10-03 23:46:56,3369.0,1
2021-10-03 23:46:56,3369.25,1
2021-10-03 23:46:56,3369.5,1
2021-10-03 23:47:20,3366.5,2
2021-10-03 23:47:20,3366.25,1
2021-10-03 23:47:56,3365.0,3
2021-10-03 23:49:07,3362.75,1
2021-10-03 23:49:51,3359.75,2
2021-10-03 23:50:02,3357.25,1
2021-10-03 23:50:20,3360.5,1
2021-10-03 23:50:49,3359.0,1
2021-10-03 23:50:49,3359.25,1
2021-10-03 23:52:27,3364.75,2
2021-10-03 23:52:27,3365.25,1
2021-10-03 23:53:03,3366.75,1
2021-10-03 23:53:13,3367.75,1
2021-10-03 23:53:21,3365.0,1
2021-10-03 23:53:31,3363.5,1
2021-10-03 23:54:10,3363.0,1
2021-10-03 23:54:10,3362.75,1
2021-10-03 23:54:10,3362.25,1
2021-10-03 23:54:36,3361.5,1
2021-10-03 23:54:43,3363.25,1
2021-10-03 23:55:15,3366.5,1
2021-10-03 23:55:15,3367.0,1
2021-10-03 23:56:25,3363.0,2
2021-10-03 23:56:36,3361.75,1
2021-10-03 23:56:36,3361.25,1
2021-10-03 23:56:53,3362.5,1
2021-10-03 23:56:53,3363.0,1
2021-10-03 23:57:20,3360.0,1
2021-10-03 23:58:10,3362.5,1
2021-10-03 23:58:45,3362.5,1
2021-10-03 23:59:20,3359.75,2
2021-10-03 23:59:44,3359.5,1
2021-10-03 23:59:47,3358.75,1
2021-10-03 23:59:47,3358.5,1
2021-10-03 23:59:48,3358.0,2
2021-10-03 23:59:57,3358.5,2
2021-10-03 23:59:57,3359.25,1
2021-10-04 00:00:11,3359.5,1
2021-10-04 00:00:11,3360.25,1
2021-10-04 00:00:11,3360.75,1
2021-10-04 00:00:35,3354.25,1
2021-10-04 00:00:56,3355.25,1
2021-10-04 00:01:01,3353.5,1
2021-10-04 00:01:19,3353.25,1
2021-10-04 00:02:01,3354.25,1
2021-10-04 00:02:08,3353.5,1
2021-10-04 00:02:08,3353.75,1
2021-10-04 00:02:31,3352.25,1
2021-10-04 00:02:31,3352.0,1
2021-10-04 00:03:18,3352.0,1
2021-10-04 00:03:26,3353.5,1
2021-10-04 00:03:35,3356.5,1
2021-10-04 00:03:35,3357.0,1
2021-10-04 00:04:22,3356.25,1
2021-10-04 00:04:25,3355.0,1
2021-10-04 00:05:05,3353.0,1
2021-10-04 00:05:05,3352.25,2
2021-10-04 00:05:05,3352.0,2
2021-10-04 00:05:05,3351.25,1
2021-10-04 00:05:05,3352.25,3
2021-10-04 00:05:05,3351.5,1
2021-10-04 00:05:05,3351.25,1
2021-10-04 00:05:20,3351.25,1
2021-10-04 00:05:20,3351.0,1
2021-10-04 00:05:35,3348.75,1
2021-10-04 00:05:44,3347.25,1
2021-10-04 00:05:48,3347.5,1
2021-10-04 00:06:16,3348.5,1
2021-10-04 00:06:19,3350.5,1
2021-10-04 00:06:26,3347.75,1
2021-10-04 00:06:28,3348.5,1
2021-10-04 00:06:28,3348.75,1
2021-10-04 00:06:28,3349.0,1
2021-10-04 00:07:09,3354.75,2
2021-10-04 00:07:10,3355.5,1
2021-10-04 00:07:14,3357.5,1
2021-10-04 00:07:17,3358.75,1
2021-10-04 00:07:35,3362.5,1
2021-10-04 00:07:51,3360.0,1
2021-10-04 00:07:51,3359.75,1
2021-10-04 00:08:10,3363.0,1
2021-10-04 00:08:22,3364.25,1
2021-10-04 00:09:40,3360.25,2
2021-10-04 00:09:40,3360.0,1
2021-10-04 00:09:43,3359.75,1
2021-10-04 00:09:43,3359.5,1
2021-10-04 00:10:02,3356.5,1
2021-10-04 00:11:03,3359.25,1
2021-10-04 00:11:03,3359.5,1
2021-10-04 00:11:13,3362.0,1
2021-10-04 00:11:13,3362.25,1
2021-10-04 00:11:16,3362.75,1
2021-10-04 00:11:27,3363.0,1
2021-10-04 00:11:27,3363.25,1
2021-10-04 00:11:38,3364.0,1
2021-10-04 00:12:13,3362.75,1
2021-10-04 00:12:13,3362.25,1
2021-10-04 00:12:15,3364.75,2
2021-10-04 00:12:20,3364.0,3
2021-10-04 00:12:20,3363.75,2
2021-10-04 00:12:20,3363.5,1
2021-10-04 00:12:20,3362.5,1
2021-10-04 00:12:20,3363.0,1
2021-10-04 00:12:20,3363.25,1
2021-10-04 00:12:58,3367.25,1
2021-10-04 00:12:58,3367.5,1
2021-10-04 00:12:58,3368.25,1
2021-10-04 00:13:22,3369.0,1
2021-10-04 00:13:29,3369.25,1
2021-10-04 00:13:42,3371.75,1
2021-10-04 00:13:59,3372.5,1
2021-10-04 00:14:13,3372.75,1
2021-10-04 00:14:26,3372.75,2
2021-10-04 00:14:32,3372.0,1
2021-10-04 00:14:32,3371.5,1
2021-10-04 00:14:32,3370.75,1
2021-10-04 00:14:34,3370.25,1
2021-10-04 00:14:34,3369.75,3
2021-10-04 00:14:59,3370.0,1
2021-10-04 00:15:05,3369.75,1
2021-10-04 00:15:26,3369.5,1
2021-10-04 00:15:40,3369.0,1
2021-10-04 00:15:45,3371.0,1
2021-10-04 00:16:13,3370.25,1
2021-10-04 00:16:41,3368.5,1
2021-10-04 00:16:46,3368.25,1
2021-10-04 00:16:46,3368.0,1
2021-10-04 00:16:46,3366.75,1
2021-10-04 00:16:54,3370.25,1
2021-10-04 00:16:54,3371.0,1
2021-10-04 00:17:02,3370.5,1
2021-10-04 00:17:02,3371.0,2
2021-10-04 00:18:22,3370.25,1
2021-10-04 00:18:54,3366.5,1
2021-10-04 00:18:54,3366.25,1
2021-10-04 00:19:18,3368.25,1
2021-10-04 00:19:19,3369.0,1
2021-10-04 00:19:39,3370.25,1
2021-10-04 00:19:51,3369.25,1
2021-10-04 00:19:51,3369.0,1
2021-10-04 00:19:52,3367.5,1
2021-10-04 00:20:12,3366.25,1
2021-10-04 00:20:12,3365.75,1
2021-10-04 00:20:26,3366.75,2
2021-10-04 00:20:46,3366.0,1
2021-10-04 00:21:00,3364.75,2
2021-10-04 00:21:32,3362.75,1
2021-10-04 00:21:32,3362.25,1
2021-10-04 00:21:33,3361.75,1
2021-10-04 00:22:14,3357.0,1
2021-10-04 00:22:14,3356.5,1
2021-10-04 00:22:17,3358.25,1
2021-10-04 00:22:17,3358.5,3
2021-10-04 00:22:19,3360.25,1
2021-10-04 00:23:05,3356.5,1
2021-10-04 00:23:22,3357.5,1
2021-10-04 00:23:22,3358.25,1
2021-10-04 00:24:58,3359.5,1
2021-10-04 00:25:40,3354.25,1
2021-10-04 00:27:06,3358.75,1
2021-10-04 00:27:09,3359.25,1
2021-10-04 00:27:33,3360.75,1
2021-10-04 00:27:34,3361.25,1
2021-10-04 00:27:47,3360.75,1
2021-10-04 00:27:49,3359.75,1
2021-10-04 00:28:03,3357.25,1
2021-10-04 00:28:09,3361.25,1
2021-10-04 00:28:12,3361.5,1
2021-10-04 00:28:52,3365.5,1
2021-10-04 00:28:52,3365.75,1
2021-10-04 00:28:54,3365.75,1
2021-10-04 00:29:13,3368.0,1
2021-10-04 00:29:45,3370.0,1
2021-10-04 00:29:53,3367.75,1
2021-10-04 00:29:53,3367.5,1
2021-10-04 00:29:57,3366.0,1
2021-10-04 00:30:10,3366.75,1
2021-10-04 00:30:18,3364.0,1
2021-10-04 00:30:21,3366.25,2
2021-10-04 00:30:21,3367.75,2
2021-10-04 00:30:31,3366.75,1
2021-10-04 00:30:44,3365.75,1
2021-10-04 00:30:50,3365.25,1
2021-10-04 00:31:07,3366.5,1
2021-10-04 00:31:15,3369.75,1
2021-10-04 00:31:25,3368.75,1
2021-10-04 00:31:28,3370.75,1
2021-10-04 00:31:30,3370.5,1
2021-10-04 00:31:30,3370.75,1
2021-10-04 00:31:37,3371.25,1
2021-10-04 00:31:37,3371.5,1
2021-10-04 00:31:48,3373.0,1
2021-10-04 00:31:48,3372.75,1
2021-10-04 00:31:57,3372.0,2
2021-10-04 00:31:57,3371.75,1
2021-10-04 00:32:14,3371.5,1
2021-10-04 00:32:14,3371.25,1
2021-10-04 00:32:15,3370.25,1
2021-10-04 00:32:33,3371.0,1
2021-10-04 00:33:08,3369.5,1
2021-10-04 00:33:37,3373.75,1
2021-10-04 00:33:37,3374.0,1
2021-10-04 00:33:41,3375.5,1
2021-10-04 00:34:13,3372.75,1
2021-10-04 00:35:45,3372.75,1
2021-10-04 00:36:01,3375.0,1
2021-10-04 00:36:01,3375.25,1
2021-10-04 00:36:28,3376.0,1
2021-10-04 00:36:33,3376.5,1
2021-10-04 00:37:05,3379.25,1
2021-10-04 00:37:05,3379.75,1
2021-10-04 00:37:05,3380.25,2
2021-10-04 00:37:06,3379.25,1
2021-10-04 00:37:22,3377.0,2
2021-10-04 00:37:22,3376.5,1
2021-10-04 00:37:32,3376.0,1
2021-10-04 00:37:32,3375.5,1
2021-10-04 00:38:02,3380.0,1
2021-10-04 00:38:02,3380.25,1
2021-10-04 00:38:59,3381.0,1
2021-10-04 00:40:09,3379.25,1
2021-10-04 00:40:51,3381.5,1
2021-10-04 00:40:51,3382.25,1
2021-10-04 00:40:59,3379.75,1
2021-10-04 00:41:08,3378.0,2
2021-10-04 00:41:24,3377.5,1
2021-10-04 00:41:25,3377.0,1
2021-10-04 00:41:25,3376.5,1
2021-10-04 00:41:27,3377.75,1
2021-10-04 00:41:27,3378.0,1
2021-10-04 00:43:08,3376.0,1
2021-10-04 00:44:13,3375.5,1
2021-10-04 00:44:32,3377.0,2
2021-10-04 00:44:49,3377.25,1
2021-10-04 00:44:49,3377.5,1
2021-10-04 00:44:49,3377.75,1
2021-10-04 00:44:58,3379.5,1
2021-10-04 00:44:58,3379.25,1
2021-10-04 00:45:56,3383.75,3
2021-10-04 00:45:56,3384.0,1
2021-10-04 00:46:02,3380.25,1
2021-10-04 00:46:04,3382.25,1
2021-10-04 00:46:46,3380.5,1
2021-10-04 00:46:46,3380.25,1
2021-10-04 00:46:46,3379.0,1
2021-10-04 00:46:46,3378.5,1
2021-10-04 00:46:54,3381.25,1
2021-10-04 00:47:46,3377.0,1
2021-10-04 00:48:25,3383.5,1
2021-10-04 00:49:13,3382.5,1
2021-10-04 00:50:09,3382.5,2
2021-10-04 00:50:11,3383.75,1
2021-10-04 00:50:11,3384.25,1
2021-10-04 00:52:17,3380.75,1
2021-10-04 00:54:03,3378.0,1
2021-10-04 00:54:09,3378.5,2
2021-10-04 00:54:09,3378.75,1
2021-10-04 00:55:15,3374.5,1
2021-10-04 00:56:16,3377.5,1
2021-10-04 00:56:46,3377.25,2
2021-10-04 00:56:46,3377.0,2
2021-10-04 00:56:46,3376.75,2
2021-10-04 00:56:46,3376.0,1
2021-10-04 00:56:53,3374.75,1
2021-10-04 00:57:41,3378.0,1
2021-10-04 00:58:49,3377.75,1
2021-10-04 00:58:49,3378.0,1
2021-10-04 00:58:53,3375.0,1
2021-10-04 01:00:03,3378.5,1
2021-10-04 01:00:27,3381.25,1
2021-10-04 01:01:53,3384.75,1
2021-10-04 01:02:59,3385.5,1
2021-10-04 01:03:20,3387.25,1
2021-10-04 01:03:20,3387.5,1
2021-10-04 01:03:48,3387.0,3
2021-10-04 01:03:49,3385.5,1
2021-10-04 01:04:05,3384.75,1
2021-10-04 01:06:00,3382.0,1
2021-10-04 01:06:00,3381.75,1
2021-10-04 01:08:43,3380.5,1
2021-10-04 01:09:11,3383.25,1
2021-10-04 01:10:54,3387.5,1
2021-10-04 01:13:05,3386.0,1
2021-10-04 01:13:10,3388.75,1
2021-10-04 01:14:20,3384.0,2
2021-10-04 01:15:32,3383.25,1
2021-10-04 01:15:32,3381.5,1
2021-10-04 01:16:50,3384.5,1
2021-10-04 01:18:01,3386.5,1
2021-10-04 01:18:01,3386.75,2
2021-10-04 01:18:51,3386.75,1
2021-10-04 01:21:26,3385.5,1
2021-10-04 01:21:41,3383.75,1
2021-10-04 01:22:10,3389.0,1
2021-10-04 01:22:22,3390.0,7
2021-10-04 01:22:22,3389.5,1
2021-10-04 01:22:22,3389.25,1
2021-10-04 01:22:22,3390.0,5
2021-10-04 01:22:23,3388.0,1
2021-10-04 01:22:25,3388.0,1
2021-10-04 01:22:29,3387.5,1
2021-10-04 01:22:31,3389.75,1
2021-10-04 01:22:31,3390.0,1
2021-10-04 01:23:10,3390.0,7
2021-10-04 01:23:13,3390.75,3
2021-10-04 01:23:22,3390.0,1
2021-10-04 01:23:27,3391.0,1
2021-10-04 01:23:55,3389.0,1
2021-10-04 01:24:04,3387.75,2
2021-10-04 01:24:41,3385.75,1
2021-10-04 01:25:33,3385.0,1
2021-10-04 01:25:33,3384.75,1
2021-10-04 01:27:27,3381.5,1
2021-10-04 01:27:39,3381.0,1
2021-10-04 01:28:05,3382.5,1
2021-10-04 01:29:51,3381.5,1
2021-10-04 01:29:57,3381.25,1
2021-10-04 01:34:20,3378.75,1
2021-10-04 01:37:10,3378.75,1
2021-10-04 01:38:29,3379.5,1
2021-10-04 01:40:26,3377.75,1
2021-10-04 01:40:28,3378.75,3
2021-10-04 01:40:28,3379.25,1
2021-10-04 01:40:38,3379.25,1
2021-10-04 01:42:17,3384.0,1
2021-10-04 01:45:00,3383.25,1
2021-10-04 01:45:00,3382.0,1
2021-10-04 01:45:36,3380.5,1
2021-10-04 01:46:09,3381.5,1
2021-10-04 01:46:13,3381.5,1
2021-10-04 01:47:52,3379.5,1
2021-10-04 01:47:52,3378.75,1
2021-10-04 01:48:09,3378.75,1
2021-10-04 01:48:09,3380.0,1
2021-10-04 01:48:52,3383.75,1
2021-10-04 01:49:34,3388.75,1
2021-10-04 01:49:59,3387.75,1
2021-10-04 01:51:58,3384.75,1
2021-10-04 01:52:34,3385.25,1
2021-10-04 01:52:53,3387.5,1
2021-10-04 01:55:20,3391.5,1
2021-10-04 01:57:52,3391.75,1
2021-10-04 01:58:05,3390.25,1
2021-10-04 01:59:03,3387.75,1
2021-10-04 02:07:30,3374.25,1
2021-10-04 02:07:45,3376.25,1
2021-10-04 02:07:49,3374.5,1
2021-10-04 02:08:54,3374.0,1
2021-10-04 02:08:55,3374.75,1
2021-10-04 02:10:17,3378.0,1
2021-10-04 02:11:25,3373.25,1
2021-10-04 02:11:26,3373.5,1
2021-10-04 02:11:51,3369.75,1
2021-10-04 02:11:51,3369.25,1
2021-10-04 02:11:54,3370.5,2
2021-10-04 02:13:18,3372.75,1
2021-10-04 02:13:18,3372.5,1
2021-10-04 02:13:18,3372.25,1
2021-10-04 02:13:58,3372.75,1
2021-10-04 02:14:39,3372.75,1
2021-10-04 02:15:26,3368.75,1
2021-10-04 02:16:35,3367.75,1
2021-10-04 02:19:17,3365.5,1
2021-10-04 02:21:33,3365.0,1
2021-10-04 02:22:17,3364.5,1
2021-10-04 02:22:17,3364.75,1
2021-10-04 02:22:17,3365.0,1
2021-10-04 02:22:17,3365.5,1
2021-10-04 02:22:17,3366.5,1
2021-10-04 02:22:28,3366.25,1
2021-10-04 02:25:10,3368.25,2
2021-10-04 02:26:34,3364.0,2
2021-10-04 02:26:34,3363.75,1
2021-10-04 02:26:34,3363.5,2
2021-10-04 02:29:21,3360.0,1
2021-10-04 02:29:53,3360.75,1
2021-10-04 02:31:18,3367.0,1
2021-10-04 02:32:46,3369.25,1
2021-10-04 02:33:30,3369.5,1
2021-10-04 02:33:39,3371.0,1
2021-10-04 02:34:14,3373.5,1
2021-10-04 02:35:08,3376.25,1
2021-10-04 02:36:51,3376.25,1
2021-10-04 02:38:08,3380.5,1
2021-10-04 02:38:36,3377.25,1
2021-10-04 02:39:27,3375.0,1
2021-10-04 02:42:25,3368.75,1
2021-10-04 02:49:30,3372.25,1
2021-10-04 02:50:03,3373.5,2
2021-10-04 02:50:03,3373.75,1
2021-10-04 02:50:03,3374.5,1
2021-10-04 02:50:11,3372.0,1
2021-10-04 02:54:01,3379.0,1
2021-10-04 02:54:01,3378.25,2
2021-10-04 02:54:01,3378.0,1
2021-10-04 02:54:01,3377.0,2
2021-10-04 02:54:01,3376.75,1
2021-10-04 02:54:01,3378.25,1
2021-10-04 02:54:01,3376.5,1
2021-10-04 02:54:02,3375.5,1
2021-10-04 02:54:03,3377.0,1
2021-10-04 02:54:04,3377.5,1
2021-10-04 02:54:15,3378.75,1
2021-10-04 02:54:15,3379.0,3
2021-10-04 02:54:25,3379.25,1
2021-10-04 02:54:29,3380.0,1
2021-10-04 02:54:31,3379.25,1
2021-10-04 02:55:44,3377.0,1
2021-10-04 02:55:54,3376.75,1
2021-10-04 02:56:41,3372.75,2
2021-10-04 02:56:41,3372.5,1
2021-10-04 02:56:43,3372.75,1
2021-10-04 02:58:40,3372.5,1
2021-10-04 02:58:40,3372.75,1
2021-10-04 02:58:40,3373.25,2
2021-10-04 03:00:25,3364.75,2
2021-10-04 03:00:25,3364.0,1
2021-10-04 03:00:27,3366.75,1
2021-10-04 03:00:39,3365.5,1
2021-10-04 03:01:40,3361.0,1
2021-10-04 03:01:49,3360.75,1
2021-10-04 03:02:12,3361.75,1
2021-10-04 03:03:04,3359.75,1
2021-10-04 03:03:55,3358.75,1
2021-10-04 03:04:12,3358.0,1
2021-10-04 03:04:12,3357.75,1
2021-10-04 03:04:25,3358.5,1
2021-10-04 03:05:48,3367.0,1
2021-10-04 03:05:51,3365.0,1
2021-10-04 03:07:30,3365.25,1
2021-10-04 03:07:59,3367.0,1
2021-10-04 03:10:08,3370.0,1
2021-10-04 03:10:24,3372.5,1
2021-10-04 03:10:24,3372.75,1
2021-10-04 03:10:24,3373.5,1
2021-10-04 03:11:19,3372.75,1
2021-10-04 03:12:05,3374.5,1
2021-10-04 03:12:30,3374.5,1
2021-10-04 03:12:34,3372.75,1
2021-10-04 03:12:34,3372.0,1
2021-10-04 03:13:15,3369.5,1
2021-10-04 03:13:54,3370.75,1
2021-10-04 03:15:48,3370.0,1
2021-10-04 03:17:47,3374.75,1
2021-10-04 03:17:47,3375.0,1
2021-10-04 03:18:02,3372.25,1
2021-10-04 03:18:02,3371.75,1
2021-10-04 03:18:08,3370.75,1
2021-10-04 03:18:26,3371.0,1
2021-10-04 03:18:26,3371.25,1
2021-10-04 03:19:40,3371.0,1
2021-10-04 03:20:33,3366.5,1
2021-10-04 03:21:15,3360.5,1
2021-10-04 03:23:00,3360.75,1
2021-10-04 03:23:03,3361.75,1
2021-10-04 03:23:52,3362.5,1
2021-10-04 03:25:37,3366.25,1
2021-10-04 03:26:03,3365.0,2
2021-10-04 03:26:27,3366.25,3
2021-10-04 03:26:27,3366.0,2
2021-10-04 03:26:45,3366.0,1
2021-10-04 03:27:05,3367.0,1
2021-10-04 03:30:05,3371.75,1
2021-10-04 03:30:05,3370.5,1
2021-10-04 03:30:05,3370.25,1
2021-10-04 03:32:28,3374.5,1
2021-10-04 03:34:06,3374.5,2
2021-10-04 03:34:06,3374.75,1
2021-10-04 03:34:06,3375.0,1
2021-10-04 03:34:06,3375.75,1
2021-10-04 03:36:26,3380.5,1
2021-10-04 03:36:26,3382.25,1
2021-10-04 03:36:28,3382.0,1
2021-10-04 03:37:00,3379.25,1
2021-10-04 03:37:25,3379.0,1
2021-10-04 03:38:11,3375.75,1
2021-10-04 03:38:22,3375.0,2
2021-10-04 03:38:22,3374.25,1
2021-10-04 03:41:31,3373.75,1
2021-10-04 03:41:31,3374.0,1
2021-10-04 03:43:03,3372.75,1
2021-10-04 03:43:11,3371.25,1
2021-10-04 03:43:53,3373.75,1
2021-10-04 03:45:50,3373.0,1
2021-10-04 03:47:24,3374.0,1
2021-10-04 03:48:20,3379.5,2
2021-10-04 03:48:50,3378.75,1
2021-10-04 03:50:37,3379.75,4
2021-10-04 03:51:50,3376.5,1
2021-10-04 03:53:09,3376.75,1
2021-10-04 03:53:10,3374.75,1
2021-10-04 03:54:32,3378.25,1
2021-10-04 03:54:32,3377.75,1
2021-10-04 03:55:51,3381.0,1
2021-10-04 03:58:00,3382.5,3
2021-10-04 03:58:27,3384.25,1
2021-10-04 03:59:29,3391.0,1
2021-10-04 03:59:29,3391.25,1
2021-10-04 03:59:32,3393.0,1
2021-10-04 03:59:33,3394.25,1
2021-10-04 03:59:35,3398.0,1
2021-10-04 03:59:35,3399.5,1
2021-10-04 03:59:55,3404.25,1
2021-10-04 04:00:13,3400.0,1
2021-10-04 04:00:13,3399.5,1
2021-10-04 04:00:28,3399.0,1
2021-10-04 04:00:32,3399.5,1
2021-10-04 04:00:42,3402.25,3
2021-10-04 04:00:55,3401.0,1
2021-10-04 04:01:03,3406.5,1
2021-10-04 04:01:11,3401.5,1
2021-10-04 04:01:18,3403.75,1
2021-10-04 04:01:22,3403.0,1
2021-10-04 04:01:42,3400.25,1
2021-10-04 04:02:44,3400.5,1
2021-10-04 04:02:47,3399.5,1
2021-10-04 04:02:50,3397.5,1
2021-10-04 04:03:21,3398.75,1
2021-10-04 04:03:48,3400.25,1
2021-10-04 04:03:53,3403.75,1
2021-10-04 04:03:53,3405.0,1
2021-10-04 04:05:10,3398.5,1
2021-10-04 04:06:15,3398.75,1
2021-10-04 04:06:15,3398.5,1
2021-10-04 04:06:49,3395.25,1
2021-10-04 04:06:49,3395.0,2
2021-10-04 04:07:14,3394.75,2
2021-10-04 04:11:36,3388.75,1
2021-10-04 04:13:08,3388.0,1
2021-10-04 04:14:00,3386.75,1
2021-10-04 04:17:12,3382.5,1
2021-10-04 04:21:18,3386.75,1
2021-10-04 04:21:59,3388.75,1
2021-10-04 04:22:23,3386.0,1
2021-10-04 04:22:23,3385.75,1
2021-10-04 04:23:10,3384.75,1
2021-10-04 04:24:00,3383.0,1
2021-10-04 04:24:55,3387.5,1
2021-10-04 04:25:51,3383.25,1
2021-10-04 04:25:53,3383.25,1
2021-10-04 04:26:03,3382.25,1
2021-10-04 04:26:11,3381.75,2
2021-10-04 04:28:14,3382.75,1
2021-10-04 04:28:22,3384.25,1
2021-10-04 04:28:39,3382.5,1
2021-10-04 04:29:06,3382.5,1
2021-10-04 04:29:39,3380.0,1
2021-10-04 04:30:55,3377.5,2
2021-10-04 04:31:09,3379.0,1
2021-10-04 04:33:31,3378.0,1
2021-10-04 04:35:41,3371.75,1
2021-10-04 04:36:26,3374.5,1
2021-10-04 04:37:58,3373.0,1
2021-10-04 04:37:58,3373.75,1
2021-10-04 04:38:04,3372.25,1
2021-10-04 04:38:04,3372.0,1
2021-10-04 04:38:51,3366.75,1
2021-10-04 04:38:51,3365.5,1
2021-10-04 04:38:51,3366.0,2
2021-10-04 04:39:08,3366.5,1
2021-10-04 04:39:56,3365.75,1
2021-10-04 04:39:58,3366.0,1
2021-10-04 04:39:58,3366.25,1
2021-10-04 04:40:05,3364.25,2
2021-10-04 04:40:10,3365.75,1
2021-10-04 04:40:14,3365.0,1
2021-10-04 04:41:04,3363.0,1
2021-10-04 04:41:04,3362.75,1
2021-10-04 04:41:21,3365.0,1
2021-10-04 04:41:21,3365.75,1
2021-10-04 04:41:44,3363.25,1
2021-10-04 04:41:45,3361.75,1
2021-10-04 04:41:45,3361.25,1
2021-10-04 04:41:58,3363.5,3
2021-10-04 04:41:58,3363.75,2
2021-10-04 04:41:58,3364.25,1
2021-10-04 04:44:18,3362.75,1
2021-10-04 04:44:18,3362.5,1
2021-10-04 04:44:19,3362.0,1
2021-10-04 04:44:39,3360.25,2
2021-10-04 04:44:39,3360.0,1
2021-10-04 04:45:32,3360.0,1
2021-10-04 04:45:35,3358.5,1
2021-10-04 04:45:35,3358.25,1
2021-10-04 04:45:35,3358.0,2
2021-10-04 04:46:06,3359.25,1
2021-10-04 04:46:35,3361.25,2
2021-10-04 04:47:22,3363.25,1
2021-10-04 04:47:22,3363.5,1
2021-10-04 04:47:37,3364.0,2
2021-10-04 04:48:22,3365.75,1
2021-10-04 04:48:41,3365.0,1
2021-10-04 04:48:57,3366.75,1
2021-10-04 04:48:57,3367.0,1
2021-10-04 04:48:57,3367.25,1
2021-10-04 04:48:57,3367.5,1
2021-10-04 04:48:59,3366.0,1
2021-10-04 04:49:23,3365.25,1
2021-10-04 04:49:23,3365.0,1
2021-10-04 04:49:23,3365.25,2
2021-10-04 04:49:23,3365.0,1
2021-10-04 04:49:23,3365.25,1
2021-10-04 04:52:17,3363.0,1
2021-10-04 04:52:18,3362.5,1
2021-10-04 04:52:18,3362.25,1
2021-10-04 04:52:31,3365.0,1
2021-10-04 04:52:31,3365.25,2
2021-10-04 04:52:31,3365.5,2
2021-10-04 04:53:38,3368.25,1
2021-10-04 04:54:25,3370.25,1
2021-10-04 04:54:38,3370.5,1
2021-10-04 04:54:38,3370.0,1
2021-10-04 04:54:38,3369.0,1
2021-10-04 04:55:11,3365.25,1
2021-10-04 04:55:53,3362.75,1
2021-10-04 04:55:53,3364.75,1
2021-10-04 04:57:08,3363.0,1
2021-10-04 04:57:08,3362.75,1
2021-10-04 04:58:23,3366.75,1
2021-10-04 04:59:01,3368.0,2
2021-10-04 04:59:04,3371.25,1
2021-10-04 05:00:02,3371.25,1
2021-10-04 05:01:26,3374.25,1
2021-10-04 05:01:31,3373.0,1
2021-10-04 05:01:39,3373.0,1
2021-10-04 05:01:39,3372.75,1
2021-10-04 05:01:55,3373.25,1
2021-10-04 05:01:55,3373.5,1
2021-10-04 05:03:33,3369.0,1
2021-10-04 05:05:39,3365.75,1
2021-10-04 05:05:48,3363.75,1
2021-10-04 05:08:12,3362.5,1
2021-10-04 05:08:12,3362.0,1
2021-10-04 05:08:44,3360.5,1
2021-10-04 05:13:23,3364.75,1
2021-10-04 05:13:25,3362.5,1
2021-10-04 05:13:25,3362.25,1
2021-10-04 05:13:40,3362.75,3
2021-10-04 05:13:40,3363.0,1
2021-10-04 05:14:50,3363.75,1
2021-10-04 05:17:03,3367.5,1
2021-10-04 05:18:58,3367.25,1
2021-10-04 05:23:37,3378.75,1
2021-10-04 05:24:25,3379.75,1
2021-10-04 05:26:32,3372.75,1
2021-10-04 05:26:35,3370.75,1
2021-10-04 05:27:38,3370.25,1
2021-10-04 05:27:38,3370.0,1
2021-10-04 05:31:59,3379.75,1
2021-10-04 05:36:35,3375.25,1
2021-10-04 05:36:57,3373.75,1
2021-10-04 05:36:57,3373.5,1
2021-10-04 05:37:19,3370.25,1
2021-10-04 05:40:02,3369.0,1
2021-10-04 05:43:24,3372.5,1
2021-10-04 05:43:24,3373.25,2
2021-10-04 05:43:24,3373.75,1
2021-10-04 05:43:47,3371.0,2
2021-10-04 05:43:48,3370.5,2
2021-10-04 05:43:51,3368.75,1
2021-10-04 05:50:18,3376.5,1
2021-10-04 05:52:51,3370.5,1
2021-10-04 05:59:25,3375.25,1
2021-10-04 06:03:04,3370.0,1
2021-10-04 06:03:33,3370.75,1
2021-10-04 06:03:33,3370.5,1
2021-10-04 06:04:30,3372.75,6
2021-10-04 06:04:31,3376.25,1
2021-10-04 06:04:31,3376.75,3
2021-10-04 06:05:12,3379.75,1
2021-10-04 06:06:02,3373.5,1
2021-10-04 06:11:46,3370.25,1
2021-10-04 06:19:36,3362.25,1
2021-10-04 06:19:57,3360.75,1
2021-10-04 06:20:34,3359.75,1
2021-10-04 06:21:16,3356.25,1
2021-10-04 06:21:16,3356.0,1
2021-10-04 06:21:17,3357.75,1
2021-10-04 06:22:19,3351.5,1
2021-10-04 06:23:18,3352.75,1
2021-10-04 06:23:35,3350.0,3
2021-10-04 06:23:38,3350.0,11
2021-10-04 06:23:39,3351.75,1
2021-10-04 06:23:40,3350.0,11
2021-10-04 06:23:40,3349.25,1
2021-10-04 06:23:41,3350.75,1
2021-10-04 06:23:41,3351.25,1
2021-10-04 06:23:41,3351.5,1
2021-10-04 06:23:42,3350.5,1
2021-10-04 06:24:17,3352.0,1
2021-10-04 06:25:10,3355.0,2
2021-10-04 06:25:10,3356.25,1
2021-10-04 06:25:37,3355.0,1
2021-10-04 06:25:38,3356.0,1
2021-10-04 06:28:59,3369.5,1
2021-10-04 06:29:04,3370.75,1
2021-10-04 06:30:00,3377.5,2
2021-10-04 06:30:00,3378.5,1
2021-10-04 06:30:02,3378.75,2
2021-10-04 06:30:02,3379.0,1
2021-10-04 06:30:15,3376.5,1
2021-10-04 06:30:52,3369.5,1
2021-10-04 06:32:36,3367.0,2
2021-10-04 06:32:36,3366.25,1
2021-10-04 06:32:36,3365.25,1
2021-10-04 06:32:50,3362.25,1
2021-10-04 06:33:09,3363.5,1
2021-10-04 06:34:57,3360.0,1
2021-10-04 06:35:58,3357.5,1
2021-10-04 06:36:23,3360.25,1
2021-10-04 06:39:51,3362.0,1
2021-10-04 06:43:21,3358.5,1
2021-10-04 06:44:41,3356.25,1
2021-10-04 06:44:41,3356.5,1
2021-10-04 06:44:41,3356.75,1
2021-10-04 06:45:24,3356.25,1
2021-10-04 06:46:25,3356.0,1
2021-10-04 06:46:28,3354.75,1
2021-10-04 06:48:33,3356.75,1
2021-10-04 06:51:12,3359.75,1
2021-10-04 06:51:12,3359.25,1
2021-10-04 06:52:31,3359.0,2
2021-10-04 06:52:33,3358.25,1
2021-10-04 06:52:33,3358.5,1
2021-10-04 06:52:33,3358.75,1
2021-10-04 06:53:49,3363.25,1
2021-10-04 06:54:01,3363.5,1
2021-10-04 06:54:28,3365.75,1
2021-10-04 06:55:22,3364.75,5
2021-10-04 06:55:32,3366.25,1
2021-10-04 06:55:54,3370.0,3
2021-10-04 06:55:54,3370.25,4
2021-10-04 06:55:54,3370.5,3
2021-10-04 06:55:54,3371.0,1
2021-10-04 06:55:54,3372.0,1
2021-10-04 06:55:54,3371.75,1
2021-10-04 06:55:54,3372.25,1
2021-10-04 06:55:54,3371.75,1
2021-10-04 06:55:54,3371.5,1
2021-10-04 06:55:54,3371.0,1
2021-10-04 06:55:54,3370.5,1
2021-10-04 06:55:55,3370.25,1
2021-10-04 06:55:57,3369.0,1
2021-10-04 06:55:57,3368.25,1
2021-10-04 06:55:58,3370.0,1
2021-10-04 06:56:11,3369.0,1
2021-10-04 06:56:17,3369.0,2
2021-10-04 06:56:27,3367.5,1
2021-10-04 06:57:29,3372.25,2
2021-10-04 06:57:33,3370.25,1
2021-10-04 06:58:13,3370.0,1
2021-10-04 06:59:08,3370.0,1
2021-10-04 06:59:15,3369.0,1
2021-10-04 07:00:17,3370.5,1
2021-10-04 07:00:17,3369.75,1
2021-10-04 07:00:35,3368.0,1
2021-10-04 07:00:35,3368.25,1
2021-10-04 07:00:42,3366.25,1
2021-10-04 07:01:58,3363.75,1
2021-10-04 07:01:58,3363.0,2
2021-10-04 07:02:03,3363.0,1
2021-10-04 07:02:15,3363.25,1
2021-10-04 07:04:19,3360.25,1
2021-10-04 07:04:27,3358.0,1
2021-10-04 07:04:52,3358.0,1
2021-10-04 07:05:03,3360.75,1
2021-10-04 07:05:38,3358.25,2
2021-10-04 07:08:01,3355.25,1
2021-10-04 07:08:01,3355.0,4
2021-10-04 07:08:02,3355.0,5
2021-10-04 07:08:02,3354.75,1
2021-10-04 07:09:25,3355.25,1
2021-10-04 07:09:25,3354.75,1
2021-10-04 07:09:35,3353.0,3
2021-10-04 07:09:46,3350.75,1
2021-10-04 07:11:04,3353.0,1
2021-10-04 07:11:05,3353.0,1
2021-10-04 07:12:55,3348.75,1
2021-10-04 07:13:38,3351.75,1
2021-10-04 07:13:50,3350.5,1
2021-10-04 07:14:12,3348.75,2
2021-10-04 07:15:20,3352.75,1
2021-10-04 07:17:19,3355.0,6
2021-10-04 07:17:22,3356.25,3
2021-10-04 07:17:22,3356.5,1
2021-10-04 07:17:22,3356.25,2
2021-10-04 07:17:23,3356.25,5
2021-10-04 07:17:24,3356.0,1
2021-10-04 07:17:36,3355.75,1
2021-10-04 07:18:30,3356.0,1
2021-10-04 07:18:31,3355.25,2
2021-10-04 07:18:31,3355.0,1
2021-10-04 07:18:33,3355.75,1
2021-10-04 07:19:04,3356.0,1
2021-10-04 07:19:37,3355.75,1
2021-10-04 07:19:37,3356.0,1
2021-10-04 07:22:48,3360.0,1
2021-10-04 07:26:03,3351.75,3
2021-10-04 07:26:48,3348.75,3
2021-10-04 07:26:51,3347.75,1
2021-10-04 07:27:02,3347.75,4
2021-10-04 07:28:02,3347.5,1
2021-10-04 07:28:29,3346.5,1
2021-10-04 07:28:35,3347.5,1
2021-10-04 07:28:38,3347.0,2
2021-10-04 07:28:38,3346.25,2
2021-10-04 07:28:38,3346.0,2
2021-10-04 07:28:38,3345.25,1
2021-10-04 07:28:38,3345.0,1
2021-10-04 07:28:38,3344.75,2
2021-10-04 07:28:38,3344.0,9
2021-10-04 07:28:38,3343.5,2
2021-10-04 07:28:38,3343.25,1
2021-10-04 07:28:38,3343.75,2
2021-10-04 07:28:38,3344.0,2
2021-10-04 07:28:38,3344.25,1
2021-10-04 07:28:39,3344.25,1
2021-10-04 07:28:42,3343.25,1
2021-10-04 07:28:42,3341.0,1
2021-10-04 07:28:42,3340.75,1
2021-10-04 07:28:42,3340.25,1
2021-10-04 07:28:42,3340.0,3
2021-10-04 07:28:42,3339.75,1
2021-10-04 07:28:42,3339.5,1
2021-10-04 07:28:42,3338.75,1
2021-10-04 07:28:42,3338.5,3
2021-10-04 07:28:42,3337.25,1
2021-10-04 07:28:42,3339.5,1
2021-10-04 07:28:42,3340.0,1
2021-10-04 07:28:44,3335.5,1
2021-10-04 07:28:44,3334.75,1
2021-10-04 07:28:44,3334.0,2
2021-10-04 07:28:44,3335.25,2
2021-10-04 07:28:44,3335.5,1
2021-10-04 07:28:44,3333.75,1
2021-10-04 07:28:44,3333.5,1
2021-10-04 07:28:44,3335.0,1
2021-10-04 07:28:44,3331.0,1
2021-10-04 07:28:44,3332.5,1
2021-10-04 07:28:44,3332.25,1
2021-10-04 07:28:44,3332.75,1
2021-10-04 07:28:44,3328.25,1
2021-10-04 07:28:47,3335.25,1
2021-10-04 07:28:54,3330.0,3
2021-10-04 07:28:54,3330.75,1
2021-10-04 07:28:54,3330.5,3
2021-10-04 07:28:54,3330.75,1
2021-10-04 07:29:03,3330.25,1
2021-10-04 07:29:04,3330.25,1
2021-10-04 07:29:07,3327.75,1
2021-10-04 07:29:08,3326.5,2
2021-10-04 07:29:08,3326.25,1
2021-10-04 07:29:11,3328.75,1
2021-10-04 07:29:12,3327.0,1
2021-10-04 07:29:14,3325.25,1
2021-10-04 07:29:17,3328.5,1
2021-10-04 07:29:21,3332.75,1
2021-10-04 07:30:14,3328.0,1
2021-10-04 07:30:35,3330.25,1
2021-10-04 07:31:09,3326.75,1
2021-10-04 07:31:12,3325.0,6
2021-10-04 07:31:14,3322.25,1
2021-10-04 07:31:14,3320.75,3
2021-10-04 07:31:15,3319.75,1
2021-10-04 07:31:15,3318.75,1
2021-10-04 07:31:15,3318.5,1
2021-10-04 07:31:15,3318.25,1
2021-10-04 07:31:15,3315.5,1
2021-10-04 07:31:15,3316.5,1
2021-10-04 07:31:15,3316.25,1
2021-10-04 07:31:15,3316.75,1
2021-10-04 07:31:16,3316.0,2
2021-10-04 07:31:17,3318.75,1
2021-10-04 07:31:18,3321.0,1
2021-10-04 07:31:18,3321.25,3
2021-10-04 07:31:18,3322.0,1
2021-10-04 07:31:18,3321.75,1
2021-10-04 07:31:21,3322.75,1
2021-10-04 07:31:21,3323.0,1
2021-10-04 07:31:35,3323.25,2
2021-10-04 07:31:42,3325.25,1
2021-10-04 07:31:42,3324.0,1
2021-10-04 07:31:42,3325.5,1
2021-10-04 07:31:42,3323.75,1
2021-10-04 07:32:03,3327.5,1
2021-10-04 07:32:05,3328.0,1
2021-10-04 07:32:36,3335.0,1
2021-10-04 07:32:55,3340.75,1
2021-10-04 07:33:38,3333.75,1
2021-10-04 07:33:49,3329.5,1
2021-10-04 07:34:26,3332.5,1
2021-10-04 07:34:35,3333.75,1
2021-10-04 07:35:07,3337.5,1
2021-10-04 07:35:36,3335.5,1
2021-10-04 07:35:42,3337.0,1
2021-10-04 07:35:44,3337.0,1
2021-10-04 07:36:13,3341.75,1
2021-10-04 07:36:43,3336.5,1
2021-10-04 07:36:43,3336.25,3
2021-10-04 07:36:52,3334.0,1
2021-10-04 07:39:49,3333.5,1
2021-10-04 07:39:54,3334.75,1
2021-10-04 07:42:21,3329.5,1
2021-10-04 07:43:48,3327.75,1
2021-10-04 07:43:54,3330.75,1
2021-10-04 07:43:54,3332.25,1
2021-10-04 07:43:55,3329.5,1
2021-10-04 07:45:09,3328.0,1
2021-10-04 07:45:09,3328.5,1
2021-10-04 07:45:09,3328.75,1
2021-10-04 07:45:09,3326.75,1
2021-10-04 07:45:56,3332.75,1
2021-10-04 07:46:36,3336.5,1
2021-10-04 07:46:38,3337.5,1
2021-10-04 07:46:38,3337.25,1
2021-10-04 07:46:39,3337.0,1
2021-10-04 07:46:43,3337.25,1
2021-10-04 07:47:09,3336.25,1
2021-10-04 07:50:50,3339.0,2
2021-10-04 07:55:04,3338.25,1
2021-10-04 07:55:04,3337.75,1
2021-10-04 07:57:27,3342.75,1
2021-10-04 07:58:00,3339.75,3
2021-10-04 07:58:00,3340.0,3
2021-10-04 07:58:00,3340.25,4
2021-10-04 07:58:00,3340.75,1
2021-10-04 07:58:44,3338.25,1
2021-10-04 07:59:22,3335.5,1
2021-10-04 08:00:00,3334.25,1
2021-10-04 08:00:00,3334.0,2
2021-10-04 08:00:00,3333.75,1
2021-10-04 08:00:00,3333.5,1
2021-10-04 08:00:00,3333.25,2
2021-10-04 08:00:00,3333.0,2
2021-10-04 08:00:03,3332.0,1
2021-10-04 08:00:07,3330.25,2
2021-10-04 08:00:19,3328.5,11
2021-10-04 08:00:19,3327.5,1
2021-10-04 08:00:19,3327.75,1
2021-10-04 08:00:21,3328.5,1
2021-10-04 08:00:39,3326.75,1
2021-10-04 08:00:39,3327.0,1
2021-10-04 08:00:54,3328.5,1
2021-10-04 08:00:59,3324.75,1
2021-10-04 08:00:59,3324.5,1
2021-10-04 08:00:59,3324.0,2
2021-10-04 08:00:59,3323.75,2
2021-10-04 08:00:59,3323.5,1
2021-10-04 08:00:59,3324.25,3
2021-10-04 08:00:59,3324.5,2
2021-10-04 08:01:06,3323.75,1
2021-10-04 08:01:13,3324.5,1
2021-10-04 08:01:19,3326.75,1
2021-10-04 08:01:19,3327.5,1
2021-10-04 08:01:59,3325.75,1
2021-10-04 08:02:03,3323.75,2
2021-10-04 08:02:03,3322.0,1
2021-10-04 08:02:03,3323.5,1
2021-10-04 08:02:21,3320.75,1
2021-10-04 08:02:23,3322.75,1
2021-10-04 08:02:42,3324.75,1
2021-10-04 08:03:02,3324.0,1
2021-10-04 08:03:23,3324.0,1
2021-10-04 08:03:34,3322.5,1
2021-10-04 08:03:40,3321.5,1
2021-10-04 08:03:40,3322.25,1
2021-10-04 08:03:57,3320.0,1
2021-10-04 08:04:08,3320.0,1
2021-10-04 08:04:09,3317.5,2
2021-10-04 08:04:51,3321.0,1
2021-10-04 08:05:10,3326.25,1
2021-10-04 08:05:30,3325.75,1
2021-10-04 08:06:05,3324.75,1
2021-10-04 08:06:17,3329.75,1
2021-10-04 08:06:32,3334.0,1
2021-10-04 08:06:40,3336.0,3
2021-10-04 08:06:45,3336.25,1
2021-10-04 08:06:45,3336.5,1
2021-10-04 08:07:00,3337.5,1
2021-10-04 08:07:14,3342.75,1
2021-10-04 08:07:15,3344.25,1
2021-10-04 08:07:48,3345.75,2
2021-10-04 08:07:58,3345.0,2
2021-10-04 08:07:58,3346.0,3
2021-10-04 08:07:58,3346.5,1
2021-10-04 08:08:00,3351.0,2
2021-10-04 08:08:00,3351.25,2
2021-10-04 08:08:00,3351.5,4
2021-10-04 08:08:00,3351.75,1
2021-10-04 08:08:02,3347.5,2
2021-10-04 08:08:02,3347.25,1
2021-10-04 08:08:03,3346.75,2
2021-10-04 08:08:19,3343.75,1
2021-10-04 08:08:24,3341.25,1
2021-10-04 08:08:26,3341.75,1
2021-10-04 08:09:23,3346.5,1
2021-10-04 08:09:25,3345.0,1
2021-10-04 08:10:06,3348.75,1
2021-10-04 08:10:07,3350.0,2
2021-10-04 08:10:24,3348.25,1
2021-10-04 08:11:32,3351.0,2
2021-10-04 08:11:57,3351.75,2
2021-10-04 08:12:57,3349.75,1
2021-10-04 08:13:57,3348.75,1
2021-10-04 08:14:31,3350.5,1
2021-10-04 08:16:56,3350.75,1
2021-10-04 08:16:56,3351.0,1
2021-10-04 08:16:56,3351.25,3
2021-10-04 08:17:12,3354.25,1
2021-10-04 08:19:11,3352.0,1
2021-10-04 08:21:24,3350.75,1
2021-10-04 08:22:58,3345.25,1
2021-10-04 08:28:27,3357.0,1
2021-10-04 08:29:51,3363.5,3
2021-10-04 08:30:03,3366.5,1
2021-10-04 08:30:10,3363.75,1
2021-10-04 08:30:12,3361.25,1
2021-10-04 08:30:20,3361.25,1
2021-10-04 08:34:55,3353.75,5
2021-10-04 08:36:56,3354.0,2
2021-10-04 08:37:06,3355.25,1
2021-10-04 08:38:59,3355.5,1
2021-10-04 08:38:59,3355.75,1
2021-10-04 08:39:28,3354.5,2
2021-10-04 08:39:33,3354.5,3
2021-10-04 08:40:57,3356.25,1
2021-10-04 08:41:03,3358.75,1
2021-10-04 08:42:04,3358.75,1
2021-10-04 08:45:28,3356.75,1
2021-10-04 08:45:48,3358.5,1
2021-10-04 08:45:48,3359.0,1
2021-10-04 08:46:17,3360.25,1
2021-10-04 08:47:00,3363.5,2
2021-10-04 08:47:06,3363.0,1
2021-10-04 08:47:15,3363.5,1
2021-10-04 08:50:31,3365.25,1
2021-10-04 08:52:49,3370.5,1
2021-10-04 08:53:20,3375.75,1
2021-10-04 08:53:20,3376.0,2
2021-10-04 08:53:30,3371.25,1
2021-10-04 08:55:10,3369.75,1
2021-10-04 08:58:43,3370.5,1
2021-10-04 08:59:58,3367.0,1
2021-10-04 09:00:10,3365.25,1
2021-10-04 09:00:43,3367.25,1
2021-10-04 09:02:15,3373.75,1
2021-10-04 09:02:48,3373.75,1
2021-10-04 09:03:00,3375.0,8
2021-10-04 09:03:04,3375.0,1
2021-10-04 09:03:06,3371.75,1
2021-10-04 09:04:00,3373.75,1
2021-10-04 09:04:00,3374.0,2
2021-10-04 09:04:55,3374.25,1
2021-10-04 09:05:02,3374.5,3
2021-10-04 09:05:36,3372.0,1
2021-10-04 09:05:39,3374.0,3
2021-10-04 09:05:42,3372.25,1
2021-10-04 09:06:02,3375.5,1
2021-10-04 09:06:02,3375.75,3
2021-10-04 09:06:25,3376.75,1
2021-10-04 09:07:06,3377.0,1
2021-10-04 09:07:06,3376.0,1
2021-10-04 09:07:06,3375.0,1
2021-10-04 09:07:19,3379.5,1
2021-10-04 09:07:19,3379.75,1
2021-10-04 09:07:19,3380.0,1
2021-10-04 09:07:19,3380.75,1
2021-10-04 09:07:19,3381.0,1
2021-10-04 09:07:19,3381.5,1
2021-10-04 09:07:19,3382.5,1
2021-10-04 09:07:20,3383.0,1
2021-10-04 09:07:20,3383.25,1
2021-10-04 09:07:20,3380.5,1
2021-10-04 09:08:15,3378.25,1
2021-10-04 09:09:36,3385.5,1
2021-10-04 09:09:37,3387.25,1
2021-10-04 09:09:41,3383.5,1
2021-10-04 09:10:52,3379.25,2
2021-10-04 09:10:52,3379.0,2
2021-10-04 09:10:52,3378.5,1
2021-10-04 09:10:52,3378.25,1
2021-10-04 09:10:52,3378.0,1
2021-10-04 09:10:53,3377.75,1
2021-10-04 09:11:15,3377.75,1
2021-10-04 09:11:44,3381.25,3
2021-10-04 09:11:44,3381.5,1
2021-10-04 09:11:44,3381.25,3
2021-10-04 09:12:07,3381.0,4
2021-10-04 09:12:15,3382.0,2
2021-10-04 09:12:15,3382.25,2
2021-10-04 09:12:15,3382.5,1
2021-10-04 09:12:15,3382.75,1
2021-10-04 09:12:25,3381.25,1
2021-10-04 09:12:38,3384.25,1
2021-10-04 09:12:38,3384.0,2
2021-10-04 09:12:38,3383.75,4
2021-10-04 09:12:38,3382.5,1
2021-10-04 09:12:38,3381.5,1
2021-10-04 09:12:41,3385.75,1
2021-10-04 09:12:41,3386.0,2
2021-10-04 09:13:02,3388.75,1
2021-10-04 09:13:02,3389.0,1
2021-10-04 09:13:04,3390.25,1
2021-10-04 09:13:04,3390.5,1
2021-10-04 09:13:37,3391.0,2
2021-10-04 09:13:37,3391.5,1
2021-10-04 09:13:37,3391.75,1
2021-10-04 09:13:55,3387.5,1
2021-10-04 09:14:42,3386.0,1
2021-10-04 09:16:21,3388.0,1
2021-10-04 09:16:47,3388.0,3
2021-10-04 09:16:53,3389.25,1
2021-10-04 09:17:28,3390.0,1
2021-10-04 09:17:58,3389.75,1
2021-10-04 09:18:04,3390.0,1
2021-10-04 09:18:11,3387.75,8
2021-10-04 09:18:13,3389.25,1
2021-10-04 09:18:13,3389.5,2
2021-10-04 09:18:29,3389.25,1
2021-10-04 09:18:35,3388.0,1
2021-10-04 09:18:35,3387.5,1
2021-10-04 09:18:42,3390.0,1
2021-10-04 09:19:01,3389.25,2
2021-10-04 09:19:23,3389.75,1
2021-10-04 09:19:23,3390.25,2
2021-10-04 09:19:23,3390.75,1
2021-10-04 09:19:23,3391.0,1
2021-10-04 09:19:29,3388.75,1
2021-10-04 09:19:31,3389.5,1
2021-10-04 09:19:32,3391.25,1
2021-10-04 09:19:50,3391.5,1
2021-10-04 09:20:09,3388.0,2
2021-10-04 09:20:11,3387.5,6
2021-10-04 09:20:16,3387.5,1
2021-10-04 09:20:16,3383.75,2
2021-10-04 09:20:19,3386.75,1
2021-10-04 09:20:19,3388.25,1
2021-10-04 09:20:31,3388.75,1
2021-10-04 09:20:33,3390.5,2
2021-10-04 09:21:07,3391.0,2
2021-10-04 09:21:21,3388.25,1
2021-10-04 09:21:37,3387.75,1
2021-10-04 09:21:38,3387.5,2
2021-10-04 09:21:39,3387.5,1
2021-10-04 09:21:44,3386.5,1
2021-10-04 09:21:44,3387.0,1
2021-10-04 09:21:44,3387.25,3
2021-10-04 09:21:52,3387.25,5
2021-10-04 09:21:57,3388.25,1
2021-10-04 09:21:57,3388.75,2
2021-10-04 09:21:57,3389.0,1
2021-10-04 09:21:57,3389.25,1
2021-10-04 09:22:02,3388.25,1
2021-10-04 09:22:24,3387.0,5
2021-10-04 09:22:24,3385.0,2
2021-10-04 09:22:28,3386.75,4
2021-10-04 09:22:28,3387.0,1
2021-10-04 09:22:34,3386.75,5
2021-10-04 09:22:38,3386.5,1
2021-10-04 09:22:46,3386.5,2
2021-10-04 09:22:46,3387.25,1
2021-10-04 09:22:46,3387.5,2
2021-10-04 09:22:47,3388.0,2
2021-10-04 09:22:55,3387.75,1
2021-10-04 09:23:00,3386.5,1
2021-10-04 09:23:00,3384.5,1
2021-10-04 09:23:04,3386.5,7
2021-10-04 09:23:12,3385.0,1
2021-10-04 09:23:12,3385.5,1
2021-10-04 09:23:16,3384.75,3
2021-10-04 09:23:19,3385.75,1
2021-10-04 09:23:19,3386.0,3
2021-10-04 09:23:25,3385.75,1
2021-10-04 09:23:25,3386.0,2
2021-10-04 09:23:29,3385.0,1
2021-10-04 09:23:31,3386.75,2
2021-10-04 09:23:42,3386.0,1
2021-10-04 09:23:42,3387.0,1
2021-10-04 09:23:42,3385.75,1
2021-10-04 09:23:42,3387.0,1
2021-10-04 09:23:42,3386.0,1
2021-10-04 09:23:42,3385.75,3
2021-10-04 09:23:44,3387.0,1
2021-10-04 09:23:57,3386.0,4
2021-10-04 09:24:52,3388.5,2
2021-10-04 09:25:07,3386.0,1
2021-10-04 09:25:07,3385.75,3
2021-10-04 09:25:08,3385.75,1
2021-10-04 09:25:08,3383.5,1
2021-10-04 09:25:14,3385.75,2
2021-10-04 09:25:19,3385.0,1
2021-10-04 09:25:19,3385.25,1
2021-10-04 09:25:19,3385.5,1
2021-10-04 09:25:19,3385.75,2
2021-10-04 09:25:19,3385.5,3
2021-10-04 09:25:19,3385.75,3
2021-10-04 09:25:19,3385.5,2
2021-10-04 09:25:25,3385.5,3
2021-10-04 09:25:32,3385.25,1
2021-10-04 09:25:33,3385.5,2
2021-10-04 09:25:40,3385.5,1
2021-10-04 09:25:40,3385.25,3
2021-10-04 09:25:40,3385.75,2
2021-10-04 09:25:40,3385.25,2
2021-10-04 09:25:45,3385.0,3
2021-10-04 09:25:45,3385.25,2
2021-10-04 09:25:46,3386.25,1
2021-10-04 09:25:46,3386.5,1
2021-10-04 09:25:46,3386.75,2
2021-10-04 09:25:52,3385.0,4
2021-10-04 09:25:52,3384.75,1
2021-10-04 09:25:59,3385.0,2
2021-10-04 09:26:00,3385.75,1
2021-10-04 09:26:24,3389.5,1
2021-10-04 09:26:53,3388.0,2
2021-10-04 09:26:53,3386.25,1
2021-10-04 09:26:53,3386.0,1
2021-10-04 09:27:57,3395.5,1
2021-10-04 09:27:57,3396.0,1
2021-10-04 09:27:59,3393.0,1
2021-10-04 09:28:05,3394.25,1
2021-10-04 09:29:31,3394.0,1
2021-10-04 09:29:35,3395.0,1
2021-10-04 09:29:37,3395.0,1
2021-10-04 09:29:38,3394.75,1
2021-10-04 09:29:42,3399.25,1
2021-10-04 09:29:55,3396.5,1
2021-10-04 09:30:02,3397.25,1
2021-10-04 09:30:19,3395.0,1
2021-10-04 09:30:19,3394.75,1
2021-10-04 09:30:36,3393.0,1
2021-10-04 09:30:46,3392.5,2
2021-10-04 09:30:49,3392.0,1
2021-10-04 09:30:52,3392.0,1
2021-10-04 09:30:58,3392.5,1
2021-10-04 09:31:07,3396.75,1
2021-10-04 09:31:16,3395.0,1
2021-10-04 09:31:23,3399.5,1
2021-10-04 09:31:24,3399.75,1
2021-10-04 09:31:24,3400.0,2
2021-10-04 09:31:30,3401.5,1
2021-10-04 09:31:44,3402.25,1
2021-10-04 09:31:56,3400.75,2
2021-10-04 09:32:07,3400.0,1
2021-10-04 09:32:31,3396.75,1
2021-10-04 09:32:31,3396.25,1
2021-10-04 09:32:37,3397.25,1
2021-10-04 09:32:49,3400.0,1
2021-10-04 09:32:49,3398.5,1
2021-10-04 09:33:05,3402.5,1
2021-10-04 09:33:12,3401.0,2
2021-10-04 09:33:48,3399.5,2
2021-10-04 09:33:48,3399.75,1
2021-10-04 09:33:51,3400.0,2
2021-10-04 09:33:52,3400.75,2
2021-10-04 09:33:52,3401.0,1
2021-10-04 09:33:52,3401.25,1
2021-10-04 09:33:52,3401.75,2
2021-10-04 09:33:59,3401.5,2
2021-10-04 09:34:09,3401.5,5
2021-10-04 09:34:13,3400.5,1
2021-10-04 09:34:13,3401.5,1
2021-10-04 09:34:18,3401.0,1
2021-10-04 09:34:18,3401.5,2
2021-10-04 09:34:32,3400.5,1
2021-10-04 09:34:32,3401.25,1
2021-10-04 09:34:34,3402.0,2
2021-10-04 09:34:37,3403.25,1
2021-10-04 09:34:37,3404.25,1
2021-10-04 09:35:00,3404.75,1
2021-10-04 09:35:04,3403.5,1
2021-10-04 09:35:10,3403.5,18
2021-10-04 09:35:10,3403.75,1
2021-10-04 09:35:10,3403.5,4
2021-10-04 09:35:14,3403.5,1
2021-10-04 09:35:15,3404.25,1
2021-10-04 09:35:16,3403.75,1
2021-10-04 09:35:18,3403.75,1
2021-10-04 09:35:20,3405.0,1
2021-10-04 09:35:28,3407.75,2
2021-10-04 09:35:32,3407.5,2
2021-10-04 09:35:37,3409.0,1
2021-10-04 09:35:39,3410.0,1
2021-10-04 09:35:49,3408.75,2
2021-10-04 09:35:49,3408.0,1
2021-10-04 09:36:50,3409.5,1
2021-10-04 09:37:06,3406.75,2
2021-10-04 09:37:09,3408.25,1
2021-10-04 09:37:14,3409.0,1
2021-10-04 09:37:14,3409.5,1
2021-10-04 09:37:24,3407.5,1
2021-10-04 09:37:27,3409.25,1
2021-10-04 09:37:31,3411.5,1
2021-10-04 09:37:31,3411.75,1
2021-10-04 09:37:31,3413.0,1
2021-10-04 09:37:31,3412.0,1
2021-10-04 09:37:32,3413.75,1
2021-10-04 09:37:44,3411.0,1
2021-10-04 09:37:48,3411.5,1
2021-10-04 09:37:54,3413.0,1
2021-10-04 09:38:01,3414.75,1
2021-10-04 09:38:01,3415.5,1
2021-10-04 09:38:04,3413.75,1
2021-10-04 09:38:10,3412.75,1
2021-10-04 09:38:26,3418.25,1
2021-10-04 09:38:31,3416.5,1
2021-10-04 09:38:31,3416.25,2
2021-10-04 09:38:31,3416.0,2
2021-10-04 09:38:33,3416.25,1
2021-10-04 09:38:45,3415.0,1
2021-10-04 09:38:46,3416.0,2
2021-10-04 09:38:47,3415.0,1
2021-10-04 09:38:47,3415.25,1
2021-10-04 09:38:56,3418.0,1
2021-10-04 09:39:09,3420.0,1
2021-10-04 09:39:09,3419.5,1
2021-10-04 09:39:28,3422.0,1
2021-10-04 09:39:35,3419.5,1
2021-10-04 09:39:37,3421.75,1
2021-10-04 09:39:59,3419.25,1
2021-10-04 09:40:11,3415.5,1
2021-10-04 09:41:14,3411.75,1
2021-10-04 09:41:38,3411.0,1
2021-10-04 09:41:50,3413.25,1
2021-10-04 09:41:50,3414.0,1
2021-10-04 09:42:30,3412.75,1
2021-10-04 09:42:46,3410.0,1
2021-10-04 09:43:50,3408.0,1
2021-10-04 09:44:01,3405.0,1
2021-10-04 09:44:12,3406.25,1
2021-10-04 09:44:14,3406.0,1
2021-10-04 09:44:22,3408.25,1
2021-10-04 09:44:22,3409.0,1
2021-10-04 09:45:44,3403.5,3
2021-10-04 09:46:11,3402.25,1
2021-10-04 09:46:14,3404.0,1
2021-10-04 09:46:19,3402.0,1
2021-10-04 09:46:30,3397.0,1
2021-10-04 09:47:00,3394.75,1
2021-10-04 09:47:04,3394.75,1
2021-10-04 09:47:55,3393.0,1
2021-10-04 09:47:57,3392.25,1
2021-10-04 09:48:00,3392.25,1
2021-10-04 09:48:16,3394.0,1
2021-10-04 09:48:16,3394.25,1
2021-10-04 09:48:42,3395.0,1
2021-10-04 09:48:47,3393.5,2
2021-10-04 09:48:50,3393.75,3
2021-10-04 09:48:50,3394.0,1
2021-10-04 09:48:50,3393.75,1
2021-10-04 09:48:53,3393.5,1
2021-10-04 09:48:56,3395.25,1
2021-10-04 09:48:59,3395.75,1
2021-10-04 09:50:15,3395.25,1
2021-10-04 09:50:47,3394.0,1
2021-10-04 09:51:56,3396.75,2
2021-10-04 09:52:41,3397.0,1
2021-10-04 09:53:04,3396.75,1
2021-10-04 09:53:04,3397.0,2
2021-10-04 09:55:38,3399.0,1
2021-10-04 09:55:57,3397.0,1
2021-10-04 09:56:35,3395.75,1
2021-10-04 09:56:35,3394.75,2
2021-10-04 09:56:36,3394.75,1
2021-10-04 09:57:00,3398.25,1
2021-10-04 09:57:31,3402.0,1
2021-10-04 09:58:45,3405.0,3
2021-10-04 09:58:56,3407.5,2
2021-10-04 09:59:44,3408.75,1
2021-10-04 09:59:54,3413.75,1
2021-10-04 09:59:54,3414.5,2
2021-10-04 10:00:02,3416.75,2
2021-10-04 10:00:03,3417.5,1
2021-10-04 10:00:03,3414.25,1
2021-10-04 10:00:13,3421.5,1
2021-10-04 10:00:13,3423.75,1
2021-10-04 10:00:13,3424.25,1
2021-10-04 10:00:14,3420.75,1
2021-10-04 10:00:27,3425.0,1
2021-10-04 10:00:43,3428.0,1
2021-10-04 10:00:45,3429.0,1
2021-10-04 10:00:46,3431.5,1
2021-10-04 10:00:46,3431.75,1
2021-10-04 10:00:56,3430.75,2
2021-10-04 10:01:01,3435.75,1
2021-10-04 10:01:01,3435.5,2
2021-10-04 10:01:05,3437.25,1
2021-10-04 10:01:06,3436.25,1
2021-10-04 10:01:08,3438.25,1
2021-10-04 10:01:16,3442.75,1
2021-10-04 10:01:19,3441.75,1
2021-10-04 10:01:19,3440.5,1
2021-10-04 10:01:23,3442.5,1
2021-10-04 10:01:23,3442.0,1
2021-10-04 10:01:39,3441.5,1
2021-10-04 10:01:42,3440.5,1
2021-10-04 10:01:48,3444.0,2
2021-10-04 10:01:50,3448.0,1
2021-10-04 10:01:50,3448.25,1
2021-10-04 10:01:51,3449.0,2
2021-10-04 10:01:51,3450.25,2
2021-10-04 10:01:51,3450.5,1
2021-10-04 10:01:52,3447.0,1
2021-10-04 10:01:55,3445.5,1
2021-10-04 10:02:01,3446.75,2
2021-10-04 10:02:13,3452.25,1
2021-10-04 10:02:18,3451.0,1
2021-10-04 10:02:36,3444.75,1
2021-10-04 10:03:04,3442.5,2
2021-10-04 10:03:04,3442.25,1
2021-10-04 10:03:07,3445.5,1
2021-10-04 10:03:38,3437.0,2
2021-10-04 10:03:38,3436.75,2
2021-10-04 10:03:49,3433.0,1
2021-10-04 10:04:00,3432.5,2
2021-10-04 10:04:38,3436.25,1
2021-10-04 10:04:50,3433.25,1
2021-10-04 10:04:50,3432.75,2
2021-10-04 10:04:50,3431.25,1
2021-10-04 10:04:51,3433.0,1
2021-10-04 10:05:38,3427.0,1
2021-10-04 10:06:00,3415.0,1
2021-10-04 10:06:09,3413.25,1
2021-10-04 10:06:09,3413.5,1
2021-10-04 10:06:09,3413.75,1
2021-10-04 10:06:09,3413.5,1
2021-10-04 10:06:13,3411.5,2
2021-10-04 10:06:17,3410.0,1
2021-10-04 10:06:19,3410.0,2
2021-10-04 10:06:19,3412.75,1
2021-10-04 10:06:20,3412.0,1
2021-10-04 10:06:20,3411.75,1
2021-10-04 10:06:24,3409.0,1
2021-10-04 10:06:34,3409.75,2
2021-10-04 10:07:05,3414.5,1
2021-10-04 10:07:09,3413.0,1
2021-10-04 10:07:30,3412.75,1
2021-10-04 10:08:00,3411.0,1
2021-10-04 10:08:00,3410.75,3
2021-10-04 10:08:00,3410.5,3
2021-10-04 10:08:00,3410.25,1
2021-10-04 10:08:00,3410.0,2
2021-10-04 10:08:00,3409.75,1
2021-10-04 10:08:00,3409.5,4
2021-10-04 10:08:00,3409.25,1
2021-10-04 10:08:00,3409.0,2
2021-10-04 10:08:00,3410.0,1
2021-10-04 10:08:00,3408.25,1
2021-10-04 10:08:10,3409.5,2
2021-10-04 10:08:14,3407.25,2
2021-10-04 10:08:18,3407.5,1
2021-10-04 10:08:33,3415.25,2
2021-10-04 10:08:55,3415.25,3
2021-10-04 10:09:27,3423.75,1
2021-10-04 10:09:27,3425.0,2
2021-10-04 10:10:11,3423.0,1
2021-10-04 10:10:54,3431.5,1
2021-10-04 10:10:57,3429.5,1
2021-10-04 10:11:09,3429.25,2
2021-10-04 10:11:19,3423.5,1
2021-10-04 10:11:42,3420.25,1
2021-10-04 10:11:43,3421.5,1
2021-10-04 10:11:55,3423.5,1
2021-10-04 10:12:01,3422.75,1
2021-10-04 10:12:44,3421.5,5
2021-10-04 10:13:29,3417.5,2
2021-10-04 10:13:30,3416.5,1
2021-10-04 10:14:59,3419.25,1
2021-10-04 10:16:24,3421.25,1
2021-10-04 10:16:42,3421.5,1
2021-10-04 10:18:00,3422.5,2
2021-10-04 10:18:09,3421.0,1
2021-10-04 10:18:20,3423.75,1
2021-10-04 10:18:54,3423.75,1
2021-10-04 10:18:57,3424.5,1
2021-10-04 10:19:21,3426.25,1
2021-10-04 10:19:35,3427.0,1
2021-10-04 10:19:35,3429.5,1
2021-10-04 10:19:37,3427.75,2
2021-10-04 10:19:37,3426.5,1
2021-10-04 10:19:40,3428.0,2
2021-10-04 10:19:43,3428.0,1
2021-10-04 10:19:46,3427.25,9
2021-10-04 10:20:03,3427.25,1
2021-10-04 10:20:50,3424.25,1
2021-10-04 10:20:50,3424.0,2
2021-10-04 10:21:45,3425.25,1
2021-10-04 10:22:17,3424.5,1
2021-10-04 10:22:31,3425.75,1
2021-10-04 10:23:06,3429.75,2
2021-10-04 10:24:05,3429.5,1
2021-10-04 10:26:35,3421.75,1
2021-10-04 10:26:52,3420.25,1
2021-10-04 10:29:17,3415.0,1
2021-10-04 10:30:22,3414.25,2
2021-10-04 10:30:35,3414.25,1
2021-10-04 10:30:39,3411.5,1
2021-10-04 10:30:42,3413.0,2
2021-10-04 10:30:58,3412.75,1
2021-10-04 10:31:03,3412.25,1
2021-10-04 10:31:08,3413.75,2
2021-10-04 10:31:08,3414.5,1
2021-10-04 10:31:24,3415.0,1
2021-10-04 10:31:39,3414.25,1
2021-10-04 10:31:52,3417.0,1
2021-10-04 10:32:04,3414.5,1
2021-10-04 10:32:19,3414.0,1
2021-10-04 10:32:22,3415.25,1
2021-10-04 10:32:28,3414.0,2
2021-10-04 10:32:29,3415.0,1
2021-10-04 10:32:29,3415.5,3
2021-10-04 10:32:45,3416.25,3
2021-10-04 10:32:49,3415.5,3
2021-10-04 10:32:54,3414.5,1
2021-10-04 10:32:55,3414.25,2
2021-10-04 10:32:55,3414.0,2
2021-10-04 10:32:56,3415.0,1
2021-10-04 10:32:56,3415.25,1
2021-10-04 10:32:56,3414.75,1
2021-10-04 10:32:57,3415.5,1
2021-10-04 10:32:57,3415.75,2
2021-10-04 10:32:59,3416.25,1
2021-10-04 10:33:37,3414.75,1
2021-10-04 10:33:37,3414.5,1
2021-10-04 10:33:37,3414.25,1
2021-10-04 10:33:37,3414.0,1
2021-10-04 10:33:39,3415.25,1
2021-10-04 10:33:43,3414.0,3
2021-10-04 10:33:44,3414.75,1
2021-10-04 10:33:47,3414.0,1
2021-10-04 10:33:48,3414.0,20
2021-10-04 10:33:48,3414.5,1
2021-10-04 10:33:48,3414.25,1
2021-10-04 10:33:49,3414.0,2
2021-10-04 10:33:49,3415.0,1
2021-10-04 10:33:49,3415.5,1
2021-10-04 10:33:49,3415.25,2
2021-10-04 10:33:50,3415.0,1
2021-10-04 10:33:50,3414.25,1
2021-10-04 10:33:50,3415.0,1
2021-10-04 10:33:51,3415.5,1
2021-10-04 10:33:51,3414.25,1
2021-10-04 10:33:52,3415.0,1
2021-10-04 10:33:53,3414.25,1
2021-10-04 10:33:54,3414.75,2
2021-10-04 10:33:55,3414.25,2
2021-10-04 10:33:55,3414.0,1
2021-10-04 10:33:55,3414.25,1
2021-10-04 10:33:55,3414.75,1
2021-10-04 10:33:56,3414.0,2
2021-10-04 10:33:57,3414.0,15
2021-10-04 10:33:58,3413.75,1
2021-10-04 10:33:59,3412.5,1
2021-10-04 10:34:00,3413.0,3
2021-10-04 10:34:02,3414.5,1
2021-10-04 10:34:04,3415.0,1
2021-10-04 10:34:32,3411.0,1
2021-10-04 10:34:33,3410.25,1
2021-10-04 10:34:34,3410.25,1
2021-10-04 10:34:51,3411.0,2
2021-10-04 10:34:56,3411.25,1
2021-10-04 10:35:02,3412.0,1
2021-10-04 10:35:06,3410.25,2
2021-10-04 10:35:12,3409.0,1
2021-10-04 10:35:14,3410.5,2
2021-10-04 10:36:12,3402.75,2
2021-10-04 10:36:21,3401.75,1
2021-10-04 10:36:21,3402.25,1
2021-10-04 10:36:24,3403.0,2
2021-10-04 10:36:24,3402.75,2
2021-10-04 10:36:24,3403.25,1
2021-10-04 10:36:24,3403.0,1
2021-10-04 10:36:24,3402.75,3
2021-10-04 10:36:24,3404.25,1
2021-10-04 10:36:24,3405.0,3
2021-10-04 10:36:28,3403.5,1
2021-10-04 10:36:29,3403.25,1
2021-10-04 10:36:46,3402.75,1
2021-10-04 10:36:47,3402.75,1
2021-10-04 10:36:49,3403.0,1
2021-10-04 10:36:49,3402.75,3
2021-10-04 10:36:50,3403.25,2
2021-10-04 10:36:50,3402.75,10
2021-10-04 10:36:52,3400.25,1
2021-10-04 10:36:55,3402.0,1
2021-10-04 10:37:01,3403.75,2
2021-10-04 10:37:01,3404.0,7
2021-10-04 10:37:01,3404.25,2
2021-10-04 10:37:11,3401.75,2
2021-10-04 10:37:22,3401.75,1
2021-10-04 10:37:27,3402.75,1
2021-10-04 10:37:33,3402.5,1
2021-10-04 10:37:33,3402.0,1
2021-10-04 10:37:33,3401.75,1
2021-10-04 10:37:33,3401.5,1
2021-10-04 10:37:41,3405.5,1
2021-10-04 10:39:02,3404.0,1
2021-10-04 10:39:02,3403.0,2
2021-10-04 10:39:13,3399.0,1
2021-10-04 10:39:14,3399.5,3
2021-10-04 10:39:15,3398.0,2
2021-10-04 10:39:18,3393.75,1
2021-10-04 10:39:18,3391.75,1
2021-10-04 10:39:22,3393.5,1
2021-10-04 10:39:27,3391.25,4
2021-10-04 10:39:27,3391.0,1
2021-10-04 10:39:31,3390.25,1
2021-10-04 10:39:31,3389.0,1
2021-10-04 10:39:31,3388.75,1
2021-10-04 10:39:31,3390.25,1
2021-10-04 10:39:32,3389.5,3
2021-10-04 10:39:36,3391.25,2
2021-10-04 10:40:02,3383.75,1
2021-10-04 10:40:02,3381.5,1
2021-10-04 10:40:02,3384.25,2
2021-10-04 10:40:02,3385.75,2
2021-10-04 10:40:05,3387.0,1
2021-10-04 10:40:11,3388.5,1
2021-10-04 10:40:16,3389.25,1
2021-10-04 10:40:39,3386.75,1
2021-10-04 10:40:52,3381.25,2
2021-10-04 10:41:03,3380.5,1
2021-10-04 10:41:03,3380.25,1
2021-10-04 10:41:05,3380.0,3
2021-10-04 10:41:12,3374.25,1
2021-10-04 10:41:12,3372.5,2
2021-10-04 10:41:12,3372.25,1
2021-10-04 10:41:12,3372.5,1
2021-10-04 10:41:12,3373.0,1
2021-10-04 10:41:14,3373.75,1
2021-10-04 10:41:14,3374.0,1
2021-10-04 10:41:22,3370.5,1
2021-10-04 10:41:22,3370.25,3
2021-10-04 10:41:25,3372.75,1
2021-10-04 10:41:33,3370.5,1
2021-10-04 10:41:36,3371.0,1
2021-10-04 10:41:44,3364.75,1
2021-10-04 10:41:44,3363.25,1
2021-10-04 10:41:45,3366.0,1
2021-10-04 10:41:45,3367.25,1
2021-10-04 10:41:52,3366.0,1
2021-10-04 10:41:53,3363.25,2
2021-10-04 10:41:54,3360.25,1
2021-10-04 10:41:54,3361.0,1
2021-10-04 10:41:56,3362.0,1
2021-10-04 10:42:00,3365.0,1
2021-10-04 10:42:02,3367.75,1
2021-10-04 10:42:02,3368.25,1
2021-10-04 10:42:03,3366.5,1
2021-10-04 10:42:04,3367.75,1
2021-10-04 10:42:14,3366.75,2
2021-10-04 10:42:21,3370.25,1
2021-10-04 10:42:22,3370.5,1
2021-10-04 10:42:32,3370.25,1
2021-10-04 10:42:32,3371.75,1
2021-10-04 10:42:32,3372.75,1
2021-10-04 10:42:48,3365.25,1
2021-10-04 10:42:48,3367.25,1
2021-10-04 10:42:48,3367.5,1
2021-10-04 10:42:49,3366.0,1
2021-10-04 10:42:51,3366.25,2
2021-10-04 10:42:56,3371.25,1
2021-10-04 10:42:59,3372.75,1
2021-10-04 10:43:06,3375.75,2
2021-10-04 10:43:12,3373.0,1
2021-10-04 10:43:12,3372.75,1
2021-10-04 10:43:13,3373.25,3
2021-10-04 10:43:14,3374.75,1
2021-10-04 10:43:21,3376.0,1
2021-10-04 10:43:32,3374.5,2
2021-10-04 10:43:43,3369.5,2
2021-10-04 10:43:51,3367.5,1
2021-10-04 10:43:54,3366.0,1
2021-10-04 10:43:56,3366.0,1
2021-10-04 10:43:58,3365.75,2
2021-10-04 10:44:07,3367.0,1
2021-10-04 10:44:22,3366.0,1
2021-10-04 10:45:03,3369.25,1
2021-10-04 10:45:25,3367.75,2
2021-10-04 10:45:25,3367.5,2
2021-10-04 10:45:36,3364.75,1
2021-10-04 10:45:47,3364.25,1
2021-10-04 10:45:47,3366.25,1
2021-10-04 10:45:47,3367.0,1
2021-10-04 10:46:01,3362.25,2
2021-10-04 10:46:06,3357.0,1
2021-10-04 10:46:06,3356.75,2
2021-10-04 10:46:11,3355.0,2
2021-10-04 10:46:11,3355.75,2
2021-10-04 10:46:17,3352.0,1
2021-10-04 10:46:17,3351.75,1
2021-10-04 10:46:18,3351.75,2
2021-10-04 10:46:18,3350.25,2
2021-10-04 10:46:18,3349.5,2
2021-10-04 10:46:20,3352.0,1
2021-10-04 10:46:28,3353.5,1
2021-10-04 10:46:28,3353.75,1
2021-10-04 10:46:42,3353.25,1
2021-10-04 10:46:53,3354.25,1
2021-10-04 10:47:01,3352.25,2
2021-10-04 10:47:03,3351.25,1
2021-10-04 10:47:04,3352.75,1
2021-10-04 10:47:10,3351.25,1
2021-10-04 10:47:17,3350.75,1
2021-10-04 10:47:17,3351.0,1
2021-10-04 10:47:31,3358.0,1
2021-10-04 10:47:42,3358.75,1
2021-10-04 10:48:07,3360.0,1
2021-10-04 10:48:08,3361.25,1
2021-10-04 10:48:33,3357.0,1
2021-10-04 10:49:11,3361.25,1
2021-10-04 10:49:53,3361.75,1
2021-10-04 10:50:42,3360.0,1
2021-10-04 10:50:55,3361.5,1
2021-10-04 10:51:11,3359.75,1
2021-10-04 10:51:26,3365.0,1
2021-10-04 10:51:29,3364.75,1
2021-10-04 10:51:29,3363.25,1
2021-10-04 10:51:29,3363.0,2
2021-10-04 10:51:43,3362.5,3
2021-10-04 10:52:13,3359.0,1
2021-10-04 10:52:18,3359.75,1
2021-10-04 10:52:18,3360.75,1
2021-10-04 10:52:18,3362.5,1
2021-10-04 10:52:18,3362.75,1
2021-10-04 10:52:23,3359.0,2
2021-10-04 10:53:03,3361.0,1
2021-10-04 10:53:14,3360.25,1
2021-10-04 10:53:34,3357.0,1
2021-10-04 10:53:39,3355.0,1
2021-10-04 10:53:41,3355.5,1
2021-10-04 10:53:51,3352.25,1
2021-10-04 10:53:52,3352.25,1
2021-10-04 10:53:57,3351.0,1
2021-10-04 10:54:10,3351.0,2
2021-10-04 10:54:17,3351.25,1
2021-10-04 10:54:17,3353.5,1
2021-10-04 10:54:20,3353.0,1
2021-10-04 10:54:37,3352.75,1
2021-10-04 10:54:47,3349.0,2
2021-10-04 10:54:47,3348.75,2
2021-10-04 10:54:54,3346.5,2
2021-10-04 10:54:55,3344.75,1
2021-10-04 10:54:57,3341.5,1
2021-10-04 10:54:57,3343.5,2
2021-10-04 10:55:00,3343.25,1
2021-10-04 10:55:04,3340.25,1
2021-10-04 10:55:06,3334.0,1
2021-10-04 10:55:06,3333.75,1
2021-10-04 10:55:06,3337.25,2
2021-10-04 10:55:13,3338.25,1
2021-10-04 10:55:15,3335.0,1
2021-10-04 10:55:21,3331.75,2
2021-10-04 10:55:26,3335.0,2
2021-10-04 10:55:26,3336.5,1
2021-10-04 10:55:28,3334.5,1
2021-10-04 10:55:28,3333.0,1
2021-10-04 10:56:01,3336.0,1
2021-10-04 10:56:07,3333.75,3
2021-10-04 10:56:08,3333.0,2
2021-10-04 10:56:08,3332.75,1
2021-10-04 10:56:10,3331.25,2
2021-10-04 10:56:19,3330.75,2
2021-10-04 10:56:19,3329.5,1
2021-10-04 10:56:22,3329.75,1
2021-10-04 10:56:24,3329.25,1
2021-10-04 10:56:24,3330.5,1
2021-10-04 10:56:32,3328.5,2
2021-10-04 10:56:51,3328.0,1
2021-10-04 10:56:51,3327.75,1
2021-10-04 10:56:59,3323.75,2
2021-10-04 10:56:59,3325.5,1
2021-10-04 10:57:02,3325.75,3
2021-10-04 10:57:05,3323.5,2
2021-10-04 10:57:06,3324.0,1
2021-10-04 10:57:09,3322.5,2
2021-10-04 10:57:10,3324.0,1
2021-10-04 10:57:12,3324.25,1
2021-10-04 10:57:13,3323.0,1
2021-10-04 10:57:16,3324.75,1
2021-10-04 10:57:16,3325.0,1
2021-10-04 10:57:17,3325.0,1
2021-10-04 10:57:18,3325.0,2
2021-10-04 10:57:18,3324.25,1
2021-10-04 10:57:18,3323.75,1
2021-10-04 10:57:18,3324.25,1
2021-10-04 10:57:18,3324.75,2
2021-10-04 10:57:18,3325.0,3
2021-10-04 10:57:19,3324.75,1
2021-10-04 10:57:21,3322.5,1
2021-10-04 10:57:35,3320.0,1
2021-10-04 10:57:35,3319.5,2
2021-10-04 10:57:36,3318.0,2
2021-10-04 10:57:37,3320.5,1
2021-10-04 10:57:37,3321.0,1
2021-10-04 10:57:40,3323.25,1
2021-10-04 10:57:41,3324.0,1
2021-10-04 10:57:41,3324.25,1
2021-10-04 10:57:41,3323.75,1
2021-10-04 10:57:41,3324.0,1
2021-10-04 10:57:47,3324.5,1
2021-10-04 10:57:47,3324.75,1
2021-10-04 10:57:47,3325.0,6
2021-10-04 10:57:48,3324.0,1
2021-10-04 10:57:49,3325.0,1
2021-10-04 10:57:50,3324.25,2
2021-10-04 10:57:51,3324.0,1
2021-10-04 10:57:52,3325.0,1
2021-10-04 10:57:52,3324.25,1
2021-10-04 10:57:55,3325.0,2
2021-10-04 10:57:55,3323.75,1
2021-10-04 10:57:57,3325.0,2
2021-10-04 10:58:04,3324.0,1
2021-10-04 10:58:04,3325.0,2
2021-10-04 10:58:05,3325.0,7
2021-10-04 10:58:05,3324.75,2
2021-10-04 10:58:05,3324.5,3
2021-10-04 10:58:07,3325.0,6
2021-10-04 10:58:08,3325.0,1
2021-10-04 10:58:08,3324.75,1
2021-10-04 10:58:08,3325.0,15
2021-10-04 10:58:08,3325.5,1
2021-10-04 10:58:08,3326.25,1
2021-10-04 10:58:12,3328.5,1
2021-10-04 10:58:22,3332.25,1
2021-10-04 10:58:23,3330.0,2
2021-10-04 10:58:28,3332.0,1
2021-10-04 10:58:40,3331.25,1
2021-10-04 10:58:52,3332.0,2
2021-10-04 10:59:04,3331.25,1
2021-10-04 10:59:04,3331.75,1
2021-10-04 10:59:16,3330.5,1
2021-10-04 10:59:30,3337.25,1
2021-10-04 10:59:36,3339.75,1
2021-10-04 10:59:37,3336.75,2
2021-10-04 10:59:40,3336.75,1
2021-10-04 10:59:45,3341.25,1
2021-10-04 10:59:49,3338.75,2
2021-10-04 11:00:02,3337.75,1
2021-10-04 11:00:06,3334.0,1
2021-10-04 11:00:17,3332.25,5
2021-10-04 11:00:46,3330.0,1
2021-10-04 11:00:47,3331.25,1
2021-10-04 11:00:56,3333.75,2
2021-10-04 11:00:56,3334.0,1
2021-10-04 11:01:06,3331.0,1
2021-10-04 11:01:38,3324.0,1
2021-10-04 11:01:47,3324.5,1
2021-10-04 11:01:56,3321.75,4
2021-10-04 11:02:02,3322.25,1
2021-10-04 11:02:16,3318.75,1
2021-10-04 11:02:25,3316.0,5
2021-10-04 11:02:25,3315.0,3
2021-10-04 11:02:25,3318.0,1
2021-10-04 11:02:29,3315.0,3
2021-10-04 11:02:31,3314.75,2
2021-10-04 11:02:31,3316.25,1
2021-10-04 11:02:31,3316.75,2
2021-10-04 11:02:31,3315.5,1
2021-10-04 11:02:32,3316.75,1
2021-10-04 11:02:32,3317.0,3
2021-10-04 11:02:38,3310.0,1
2021-10-04 11:02:38,3309.75,1
2021-10-04 11:02:38,3307.25,1
2021-10-04 11:02:38,3305.5,1
2021-10-04 11:02:38,3305.0,4
2021-10-04 11:02:38,3303.0,1
2021-10-04 11:02:39,3301.75,2
2021-10-04 11:02:39,3301.5,1
2021-10-04 11:02:39,3300.5,1
2021-10-04 11:02:39,3300.25,1
2021-10-04 11:02:39,3299.25,1
2021-10-04 11:02:39,3300.0,1
2021-10-04 11:02:39,3300.5,1
2021-10-04 11:02:39,3299.75,1
2021-10-04 11:02:39,3303.75,1
2021-10-04 11:02:39,3305.25,1
2021-10-04 11:02:40,3305.5,1
2021-10-04 11:02:40,3302.75,2
2021-10-04 11:02:40,3303.25,1
2021-10-04 11:02:41,3302.5,1
2021-10-04 11:02:41,3300.75,1
2021-10-04 11:02:41,3300.0,1
2021-10-04 11:02:41,3303.5,1
2021-10-04 11:02:41,3303.0,1
2021-10-04 11:02:41,3300.5,1
2021-10-04 11:02:41,3300.0,1
2021-10-04 11:02:41,3299.25,3
2021-10-04 11:02:42,3298.5,1
2021-10-04 11:02:42,3301.25,1
2021-10-04 11:02:42,3301.75,1
2021-10-04 11:02:43,3299.5,1
2021-10-04 11:02:43,3298.75,1
2021-10-04 11:02:43,3300.25,1
2021-10-04 11:02:43,3300.5,1
2021-10-04 11:02:43,3300.25,2
2021-10-04 11:02:44,3301.0,1
2021-10-04 11:02:46,3301.5,2
2021-10-04 11:02:46,3303.25,1
2021-10-04 11:02:46,3302.75,1
2021-10-04 11:02:46,3302.5,1
2021-10-04 11:02:46,3301.0,1
2021-10-04 11:02:46,3303.0,1
2021-10-04 11:02:46,3304.75,2
2021-10-04 11:02:46,3304.5,1
2021-10-04 11:02:50,3300.0,1
2021-10-04 11:02:50,3299.25,1
2021-10-04 11:02:50,3299.0,1
2021-10-04 11:02:50,3297.25,1
2021-10-04 11:02:51,3300.0,1
2021-10-04 11:02:53,3299.5,2
2021-10-04 11:03:02,3297.5,3
2021-10-04 11:03:03,3297.0,1
2021-10-04 11:03:03,3296.0,1
2021-10-04 11:03:04,3294.5,1
2021-10-04 11:03:04,3294.25,1
2021-10-04 11:03:04,3294.0,2
2021-10-04 11:03:04,3293.75,2
2021-10-04 11:03:04,3293.25,1
2021-10-04 11:03:06,3291.75,1
2021-10-04 11:03:06,3292.0,1
2021-10-04 11:03:06,3293.75,1
2021-10-04 11:03:06,3294.25,1
2021-10-04 11:03:07,3294.0,1
2021-10-04 11:03:07,3294.25,1
2021-10-04 11:03:10,3294.25,1
2021-10-04 11:03:10,3294.0,1
2021-10-04 11:03:12,3296.25,1
2021-10-04 11:03:17,3302.5,1
2021-10-04 11:03:19,3304.0,2
2021-10-04 11:03:21,3303.25,2
2021-10-04 11:03:37,3301.0,1
2021-10-04 11:03:40,3302.0,1
2021-10-04 11:03:41,3302.0,1
2021-10-04 11:03:51,3308.75,2
2021-10-04 11:03:52,3308.75,1
2021-10-04 11:03:52,3306.25,1
2021-10-04 11:03:52,3306.5,1
2021-10-04 11:03:52,3306.25,1
2021-10-04 11:03:53,3305.0,1
2021-10-04 11:03:53,3304.75,1
2021-10-04 11:03:54,3303.0,2
2021-10-04 11:03:58,3303.75,1
2021-10-04 11:04:06,3297.5,1
2021-10-04 11:04:06,3298.5,1
2021-10-04 11:04:11,3302.5,2
2021-10-04 11:04:24,3303.75,1
2021-10-04 11:04:25,3305.0,2
2021-10-04 11:04:31,3302.5,1
2021-10-04 11:04:31,3302.25,1
2021-10-04 11:04:31,3302.5,3
2021-10-04 11:04:31,3302.25,3
2021-10-04 11:04:31,3302.0,1
2021-10-04 11:04:31,3302.25,1
2021-10-04 11:04:32,3302.25,2
2021-10-04 11:04:33,3301.5,2
2021-10-04 11:04:34,3299.5,1
2021-10-04 11:04:34,3300.25,2
2021-10-04 11:04:36,3299.25,1
2021-10-04 11:04:37,3300.75,2
2021-10-04 11:04:38,3300.75,3
2021-10-04 11:04:38,3301.75,2
2021-10-04 11:04:40,3300.75,1
2021-10-04 11:04:41,3302.0,4
2021-10-04 11:04:41,3301.25,2
2021-10-04 11:04:42,3302.25,1
2021-10-04 11:04:42,3302.5,5
2021-10-04 11:04:43,3302.25,1
2021-10-04 11:04:43,3302.5,1
2021-10-04 11:04:45,3301.75,1
2021-10-04 11:04:45,3301.25,2
2021-10-04 11:04:45,3300.75,1
2021-10-04 11:04:45,3302.0,2
2021-10-04 11:04:47,3301.5,1
2021-10-04 11:04:48,3302.5,3
2021-10-04 11:04:49,3302.5,4
2021-10-04 11:04:50,3302.5,3
2021-10-04 11:04:50,3301.5,1
2021-10-04 11:04:50,3301.25,1
2021-10-04 11:04:50,3301.75,1
2021-10-04 11:04:54,3302.25,2
2021-10-04 11:04:54,3302.5,1
2021-10-04 11:04:55,3302.5,24
2021-10-04 11:04:56,3302.5,5
2021-10-04 11:05:00,3301.5,1
2021-10-04 11:05:00,3301.25,1
2021-10-04 11:05:01,3301.25,1
2021-10-04 11:05:07,3301.75,1
2021-10-04 11:05:13,3303.25,2
2021-10-04 11:05:21,3296.0,2
2021-10-04 11:05:21,3295.75,1
2021-10-04 11:05:22,3298.75,1
2021-10-04 11:05:36,3305.75,1
2021-10-04 11:05:40,3302.75,1
2021-10-04 11:05:46,3305.75,2
2021-10-04 11:05:58,3311.0,3
2021-10-04 11:05:59,3312.0,1
2021-10-04 11:06:02,3313.75,1
2021-10-04 11:06:17,3310.5,1
2021-10-04 11:06:17,3313.25,1
2021-10-04 11:06:21,3311.25,1
2021-10-04 11:06:42,3314.75,1
2021-10-04 11:06:52,3318.25,1
2021-10-04 11:06:52,3320.0,1
2021-10-04 11:06:53,3318.0,1
2021-10-04 11:06:54,3313.75,1
2021-10-04 11:06:55,3313.75,2
2021-10-04 11:07:27,3314.75,1
2021-10-04 11:07:40,3320.75,1
2021-10-04 11:07:40,3323.75,1
2021-10-04 11:07:41,3323.5,2
2021-10-04 11:07:41,3323.75,1
2021-10-04 11:07:43,3320.25,2
2021-10-04 11:07:50,3320.0,1
2021-10-04 11:08:10,3315.0,1
2021-10-04 11:08:29,3311.5,1
2021-10-04 11:08:29,3311.0,1
2021-10-04 11:08:42,3309.0,1
2021-10-04 11:08:49,3308.25,1
2021-10-04 11:09:29,3309.0,1
2021-10-04 11:09:42,3307.0,1
2021-10-04 11:09:44,3304.75,1
2021-10-04 11:09:50,3303.5,1
2021-10-04 11:09:50,3303.75,1
2021-10-04 11:09:55,3305.0,1
2021-10-04 11:09:58,3307.0,1
2021-10-04 11:10:10,3309.75,1
2021-10-04 11:10:26,3317.25,1
2021-10-04 11:10:50,3318.25,1
2021-10-04 11:10:52,3320.75,1
2021-10-04 11:10:56,3321.25,1
2021-10-04 11:10:57,3321.0,1
2021-10-04 11:11:01,3322.5,1
2021-10-04 11:11:04,3322.0,1
2021-10-04 11:11:06,3324.0,1
2021-10-04 11:11:06,3326.0,1
2021-10-04 11:11:13,3326.0,1
2021-10-04 11:11:20,3325.75,1
2021-10-04 11:11:20,3327.5,1
2021-10-04 11:11:51,3329.5,1
2021-10-04 11:11:54,3327.25,1
2021-10-04 11:11:57,3330.5,2
2021-10-04 11:12:00,3324.25,1
2021-10-04 11:12:00,3323.75,1
2021-10-04 11:12:02,3323.25,1
2021-10-04 11:12:03,3322.75,1
2021-10-04 11:12:03,3322.5,1
2021-10-04 11:12:33,3327.5,1
2021-10-04 11:12:34,3328.25,1
2021-10-04 11:12:34,3328.5,1
2021-10-04 11:12:38,3329.25,1
2021-10-04 11:12:42,3330.0,1
2021-10-04 11:12:45,3330.0,1
2021-10-04 11:12:46,3330.5,1
2021-10-04 11:12:46,3330.25,2
2021-10-04 11:12:48,3330.75,1
2021-10-04 11:12:50,3331.25,1
2021-10-04 11:12:52,3331.75,1
2021-10-04 11:12:52,3332.25,1
2021-10-04 11:12:52,3331.75,1
2021-10-04 11:13:00,3332.0,1
2021-10-04 11:13:03,3328.5,1
2021-10-04 11:13:03,3328.25,2
2021-10-04 11:13:03,3327.75,1
2021-10-04 11:13:03,3327.25,1
2021-10-04 11:13:03,3326.75,1
2021-10-04 11:13:11,3327.0,1
2021-10-04 11:13:25,3328.75,1
2021-10-04 11:13:43,3332.0,1
2021-10-04 11:13:54,3333.5,1
2021-10-04 11:14:07,3335.25,1
2021-10-04 11:14:08,3336.5,3
2021-10-04 11:14:08,3338.75,1
2021-10-04 11:14:08,3340.5,1
2021-10-04 11:14:26,3332.5,2
2021-10-04 11:14:26,3332.25,1
2021-10-04 11:14:37,3332.0,1
2021-10-04 11:14:38,3331.25,1
2021-10-04 11:14:49,3333.25,1
2021-10-04 11:15:01,3334.5,1
2021-10-04 11:15:06,3333.5,1
2021-10-04 11:15:06,3333.0,1
2021-10-04 11:15:07,3333.0,1
2021-10-04 11:15:08,3333.0,7
2021-10-04 11:15:09,3333.0,6
2021-10-04 11:15:09,3334.25,1
2021-10-04 11:15:13,3335.25,1
2021-10-04 11:15:15,3336.5,2
2021-10-04 11:15:19,3336.5,2
2021-10-04 11:15:35,3338.25,1
2021-10-04 11:15:35,3339.0,1
2021-10-04 11:15:35,3339.25,1
2021-10-04 11:15:51,3339.75,1
2021-10-04 11:15:55,3339.5,1
2021-10-04 11:16:18,3335.5,1
2021-10-04 11:16:20,3333.5,1
2021-10-04 11:16:24,3333.25,1
2021-10-04 11:16:24,3333.0,5
2021-10-04 11:16:25,3333.25,1
2021-10-04 11:16:25,3333.75,2
2021-10-04 11:16:26,3333.75,1
2021-10-04 11:16:27,3333.25,1
2021-10-04 11:16:27,3333.0,3
2021-10-04 11:16:29,3333.5,1
2021-10-04 11:16:29,3333.75,1
2021-10-04 11:16:29,3333.0,2
2021-10-04 11:16:29,3331.5,1
2021-10-04 11:16:30,3331.25,1
2021-10-04 11:16:33,3329.0,1
2021-10-04 11:16:51,3329.0,1
2021-10-04 11:17:06,3328.0,1
2021-10-04 11:17:08,3327.0,1
2021-10-04 11:17:27,3330.0,1
2021-10-04 11:17:28,3331.5,1
2021-10-04 11:17:40,3335.5,1
2021-10-04 11:18:05,3328.0,1
2021-10-04 11:18:10,3327.0,1
2021-10-04 11:18:44,3331.5,1
2021-10-04 11:19:00,3329.25,1
2021-10-04 11:19:14,3327.75,1
2021-10-04 11:19:25,3328.75,1
2021-10-04 11:19:26,3329.25,1
2021-10-04 11:19:52,3336.0,1
2021-10-04 11:19:54,3337.25,1
2021-10-04 11:20:36,3327.75,1
2021-10-04 11:21:17,3327.0,1
2021-10-04 11:21:29,3325.75,1
2021-10-04 11:21:29,3325.25,1
2021-10-04 11:21:44,3328.25,2
2021-10-04 11:22:18,3327.25,1
2021-10-04 11:22:34,3323.75,1
2021-10-04 11:22:35,3322.5,1
2021-10-04 11:22:35,3323.75,1
2021-10-04 11:22:53,3315.5,1
2021-10-04 11:23:05,3317.75,1
2021-10-04 11:23:20,3318.0,7
2021-10-04 11:23:44,3321.0,1
2021-10-04 11:23:53,3324.0,2
2021-10-04 11:23:53,3323.25,1
2021-10-04 11:23:53,3323.5,1
2021-10-04 11:23:59,3325.0,2
2021-10-04 11:24:16,3321.25,1
2021-10-04 11:24:29,3320.25,1
2021-10-04 11:25:11,3319.5,1
2021-10-04 11:25:49,3317.25,1
2021-10-04 11:26:10,3316.75,1
2021-10-04 11:26:39,3320.75,1
2021-10-04 11:26:39,3322.5,2
2021-10-04 11:26:39,3320.5,1
2021-10-04 11:26:46,3320.0,1
2021-10-04 11:26:46,3321.25,3
2021-10-04 11:27:04,3329.0,1
2021-10-04 11:27:33,3330.0,1
2021-10-04 11:27:42,3330.75,1
2021-10-04 11:27:42,3332.5,1
2021-10-04 11:28:18,3329.0,1
2021-10-04 11:30:41,3336.75,1
2021-10-04 11:30:56,3333.5,1
2021-10-04 11:31:55,3329.0,1
2021-10-04 11:31:55,3328.5,1
2021-10-04 11:32:02,3332.25,1
2021-10-04 11:32:12,3332.5,1
2021-10-04 11:32:19,3334.0,1
2021-10-04 11:32:42,3334.0,1
2021-10-04 11:32:58,3334.5,1
2021-10-04 11:33:05,3335.5,1
2021-10-04 11:33:05,3336.0,1
2021-10-04 11:33:08,3336.0,1
2021-10-04 11:33:41,3337.75,1
2021-10-04 11:33:41,3339.25,1
2021-10-04 11:33:54,3337.5,1
2021-10-04 11:34:44,3342.0,2
2021-10-04 11:35:01,3345.5,1
2021-10-04 11:35:03,3346.0,1
2021-10-04 11:35:05,3343.0,2
2021-10-04 11:35:05,3342.75,1
2021-10-04 11:35:16,3347.25,1
2021-10-04 11:35:26,3348.75,1
2021-10-04 11:35:31,3346.75,1
2021-10-04 11:35:35,3347.25,1
2021-10-04 11:35:49,3347.5,5
2021-10-04 11:36:36,3345.0,1
2021-10-04 11:36:41,3343.5,1
2021-10-04 11:36:41,3342.75,1
2021-10-04 11:36:42,3342.0,1
2021-10-04 11:37:13,3339.25,1
2021-10-04 11:37:23,3337.5,1
2021-10-04 11:38:33,3335.0,1
2021-10-04 11:38:35,3334.75,2
2021-10-04 11:38:56,3336.5,1
2021-10-04 11:39:10,3334.5,1
2021-10-04 11:42:41,3336.5,1
2021-10-04 11:45:11,3337.25,1
2021-10-04 11:46:57,3347.5,1
2021-10-04 11:50:33,3345.0,1
2021-10-04 11:51:51,3340.25,1
2021-10-04 11:52:03,3342.5,1
2021-10-04 11:53:31,3343.25,1
2021-10-04 11:53:45,3344.25,1
2021-10-04 11:55:31,3339.0,1
2021-10-04 11:55:31,3338.75,3
2021-10-04 11:55:31,3338.5,1
2021-10-04 11:55:31,3338.25,1
2021-10-04 11:55:31,3338.0,1
2021-10-04 11:55:59,3339.75,1
2021-10-04 11:55:59,3340.0,1
2021-10-04 11:56:07,3339.25,1
2021-10-04 11:56:08,3338.75,1
2021-10-04 11:56:15,3340.0,1
2021-10-04 11:56:42,3340.0,1
2021-10-04 11:57:46,3335.75,1
2021-10-04 11:59:08,3342.75,1
2021-10-04 11:59:08,3343.0,3
2021-10-04 11:59:08,3343.25,2
2021-10-04 11:59:09,3343.0,1
2021-10-04 11:59:25,3347.75,1
2021-10-04 11:59:25,3348.5,1
2021-10-04 11:59:33,3347.5,1
2021-10-04 11:59:46,3349.0,1
2021-10-04 11:59:56,3349.5,1
2021-10-04 12:00:06,3342.75,1
2021-10-04 12:00:06,3342.5,1
2021-10-04 12:00:06,3342.25,1
2021-10-04 12:00:07,3344.25,1
2021-10-04 12:00:12,3339.75,1
2021-10-04 12:00:12,3341.75,1
2021-10-04 12:00:16,3341.5,1
2021-10-04 12:00:38,3344.25,1
2021-10-04 12:00:49,3342.5,1
2021-10-04 12:01:46,3334.5,2
2021-10-04 12:01:46,3333.5,1
2021-10-04 12:02:35,3340.0,2
2021-10-04 12:02:35,3340.25,1
2021-10-04 12:02:41,3342.0,1
2021-10-04 12:03:41,3348.5,1
2021-10-04 12:03:41,3348.75,1
2021-10-04 12:03:48,3344.0,1
2021-10-04 12:06:00,3350.75,1
2021-10-04 12:06:19,3348.0,1
2021-10-04 12:06:43,3348.75,2
2021-10-04 12:06:45,3349.75,3
2021-10-04 12:06:45,3351.75,1
2021-10-04 12:06:45,3354.0,1
2021-10-04 12:07:01,3350.0,1
2021-10-04 12:07:01,3349.75,1
2021-10-04 12:07:30,3354.75,1
2021-10-04 12:07:42,3354.75,1
2021-10-04 12:07:44,3355.0,1
2021-10-04 12:07:50,3356.5,1
2021-10-04 12:07:56,3357.75,2
2021-10-04 12:07:59,3360.25,2
2021-10-04 12:08:02,3358.25,1
2021-10-04 12:08:40,3359.75,1
2021-10-04 12:09:13,3357.5,1
2021-10-04 12:09:32,3355.5,1
2021-10-04 12:09:49,3354.0,1
2021-10-04 12:11:07,3360.5,1
2021-10-04 12:11:07,3360.75,1
2021-10-04 12:11:07,3361.0,1
2021-10-04 12:11:07,3362.75,1
2021-10-04 12:11:30,3365.5,1
2021-10-04 12:11:30,3367.0,1
2021-10-04 12:11:32,3367.25,1
2021-10-04 12:11:37,3368.5,1
2021-10-04 12:11:39,3365.75,1
2021-10-04 12:11:48,3366.0,2
2021-10-04 12:11:54,3364.75,1
2021-10-04 12:11:57,3364.25,1
2021-10-04 12:12:43,3367.75,1
2021-10-04 12:13:00,3369.75,1
2021-10-04 12:13:05,3369.0,1
2021-10-04 12:13:09,3371.0,1
