Date,Last,Volume
2021-10-03 18:00:00,5.628,30
2021-10-03 18:00:00,5.634,4
2021-10-03 18:00:00,5.635,2
2021-10-03 18:00:00,5.639,1
2021-10-03 18:00:00,5.647,1
2021-10-03 18:00:00,5.649,1
2021-10-03 18:00:00,5.65,21
2021-10-03 18:00:00,5.634,5
2021-10-03 18:00:00,5.635,1
2021-10-03 18:00:00,5.645,14
2021-10-03 18:00:00,5.644,1
2021-10-03 18:00:00,5.645,1
2021-10-03 18:00:00,5.648,1
2021-10-03 18:00:00,5.647,6
2021-10-03 18:00:00,5.644,5
2021-10-03 18:00:00,5.643,1
2021-10-03 18:00:00,5.636,1
2021-10-03 18:00:00,5.642,1
2021-10-03 18:00:01,5.635,1
2021-10-03 18:00:01,5.636,2
2021-10-03 18:00:01,5.635,3
2021-10-03 18:00:01,5.632,1
2021-10-03 18:00:02,5.633,5
2021-10-03 18:00:02,5.632,1
2021-10-03 18:00:03,5.63,1
2021-10-03 18:00:03,5.634,1
2021-10-03 18:00:04,5.63,4
2021-10-03 18:00:04,5.631,1
2021-10-03 18:00:04,5.632,3
2021-10-03 18:00:04,5.633,4
2021-10-03 18:00:04,5.632,1
2021-10-03 18:00:06,5.636,2
2021-10-03 18:00:06,5.635,2
2021-10-03 18:00:06,5.634,1
2021-10-03 18:00:06,5.633,2
2021-10-03 18:00:06,5.631,1
2021-10-03 18:00:07,5.632,1
2021-10-03 18:00:08,5.63,8
2021-10-03 18:00:09,5.637,1
2021-10-03 18:00:09,5.632,6
2021-10-03 18:00:11,5.631,1
2021-10-03 18:00:12,5.637,3
2021-10-03 18:00:12,5.636,2
2021-10-03 18:00:12,5.637,6
2021-10-03 18:00:12,5.638,2
2021-10-03 18:00:12,5.639,1
2021-10-03 18:00:12,5.64,2
2021-10-03 18:00:12,5.641,1
2021-10-03 18:00:12,5.642,1
2021-10-03 18:00:12,5.643,1
2021-10-03 18:00:12,5.644,1
2021-10-03 18:00:12,5.645,1
2021-10-03 18:00:12,5.646,1
2021-10-03 18:00:12,5.647,2
2021-10-03 18:00:13,5.639,3
2021-10-03 18:00:13,5.638,1
2021-10-03 18:00:13,5.637,1
2021-10-03 18:00:13,5.636,1
2021-10-03 18:00:13,5.633,2
2021-10-03 18:00:13,5.632,2
2021-10-03 18:00:13,5.631,1
2021-10-03 18:00:13,5.639,4
2021-10-03 18:00:13,5.632,8
2021-10-03 18:00:13,5.631,1
2021-10-03 18:00:13,5.63,1
2021-10-03 18:00:14,5.636,1
2021-10-03 18:00:14,5.634,1
2021-10-03 18:00:14,5.632,1
2021-10-03 18:00:14,5.634,1
2021-10-03 18:00:16,5.632,2
2021-10-03 18:00:16,5.634,1
2021-10-03 18:00:16,5.635,2
2021-10-03 18:00:16,5.636,3
2021-10-03 18:00:16,5.638,1
2021-10-03 18:00:16,5.635,2
2021-10-03 18:00:18,5.632,3
2021-10-03 18:00:18,5.631,9
2021-10-03 18:00:18,5.63,2
2021-10-03 18:00:18,5.632,2
2021-10-03 18:00:25,5.632,4
2021-10-03 18:00:25,5.633,1
2021-10-03 18:00:25,5.634,1
2021-10-03 18:00:25,5.635,2
2021-10-03 18:00:25,5.631,1
2021-10-03 18:00:25,5.634,1
2021-10-03 18:00:26,5.632,1
2021-10-03 18:00:26,5.633,1
2021-10-03 18:00:28,5.636,3
2021-10-03 18:00:29,5.634,2
2021-10-03 18:00:29,5.631,1
2021-10-03 18:00:29,5.633,1
2021-10-03 18:00:29,5.634,1
2021-10-03 18:00:29,5.63,1
2021-10-03 18:00:30,5.633,1
2021-10-03 18:00:30,5.631,1
2021-10-03 18:00:32,5.634,10
2021-10-03 18:00:33,5.631,2
2021-10-03 18:00:34,5.633,2
2021-10-03 18:00:34,5.634,1
2021-10-03 18:00:35,5.635,1
2021-10-03 18:00:36,5.636,2
2021-10-03 18:00:38,5.639,13
2021-10-03 18:00:39,5.643,1
2021-10-03 18:00:39,5.64,1
2021-10-03 18:00:41,5.646,1
2021-10-03 18:00:42,5.642,2
2021-10-03 18:00:42,5.64,1
2021-10-03 18:00:42,5.639,2
2021-10-03 18:00:42,5.645,1
2021-10-03 18:00:42,5.643,1
2021-10-03 18:00:42,5.64,1
2021-10-03 18:00:42,5.639,3
2021-10-03 18:00:42,5.645,2
2021-10-03 18:00:42,5.646,2
2021-10-03 18:00:42,5.647,1
2021-10-03 18:00:43,5.648,1
2021-10-03 18:00:44,5.648,2
2021-10-03 18:00:44,5.649,1
2021-10-03 18:00:44,5.65,68
2021-10-03 18:00:44,5.652,2
2021-10-03 18:00:44,5.653,1
2021-10-03 18:00:44,5.654,1
2021-10-03 18:00:44,5.653,1
2021-10-03 18:00:44,5.655,1
2021-10-03 18:00:44,5.66,1
2021-10-03 18:00:45,5.657,2
2021-10-03 18:00:47,5.661,11
2021-10-03 18:00:48,5.658,1
2021-10-03 18:00:48,5.661,1
2021-10-03 18:00:49,5.661,1
2021-10-03 18:00:49,5.662,1
2021-10-03 18:00:49,5.656,2
2021-10-03 18:00:49,5.66,2
2021-10-03 18:00:50,5.663,2
2021-10-03 18:00:50,5.664,3
2021-10-03 18:00:50,5.667,1
2021-10-03 18:00:50,5.67,1
2021-10-03 18:00:50,5.668,2
2021-10-03 18:00:50,5.66,3
2021-10-03 18:00:51,5.662,1
2021-10-03 18:00:51,5.66,1
2021-10-03 18:00:52,5.663,2
2021-10-03 18:00:52,5.667,1
2021-10-03 18:00:52,5.67,1
2021-10-03 18:00:52,5.66,3
2021-10-03 18:00:53,5.666,2
2021-10-03 18:00:53,5.669,1
2021-10-03 18:00:53,5.661,1
2021-10-03 18:00:54,5.669,2
2021-10-03 18:00:54,5.67,3
2021-10-03 18:00:54,5.673,1
2021-10-03 18:00:54,5.675,1
2021-10-03 18:00:54,5.676,1
2021-10-03 18:00:54,5.677,4
2021-10-03 18:00:54,5.678,1
2021-10-03 18:00:54,5.68,2
2021-10-03 18:00:54,5.681,1
2021-10-03 18:00:54,5.682,3
2021-10-03 18:00:54,5.683,2
2021-10-03 18:00:54,5.684,2
2021-10-03 18:00:54,5.687,1
2021-10-03 18:00:54,5.688,11
2021-10-03 18:00:54,5.689,2
2021-10-03 18:00:54,5.692,2
2021-10-03 18:00:54,5.694,1
2021-10-03 18:00:54,5.695,1
2021-10-03 18:00:54,5.701,1
2021-10-03 18:00:54,5.686,3
2021-10-03 18:00:54,5.682,6
2021-10-03 18:00:55,5.679,2
2021-10-03 18:00:55,5.678,1
2021-10-03 18:00:55,5.68,3
2021-10-03 18:00:55,5.679,1
2021-10-03 18:00:55,5.68,1
2021-10-03 18:00:55,5.682,4
2021-10-03 18:00:55,5.681,1
2021-10-03 18:00:55,5.684,1
2021-10-03 18:00:55,5.682,2
2021-10-03 18:00:56,5.7,1
2021-10-03 18:00:56,5.687,7
2021-10-03 18:00:57,5.697,3
2021-10-03 18:00:57,5.694,2
2021-10-03 18:00:57,5.697,1
2021-10-03 18:00:58,5.689,1
2021-10-03 18:00:58,5.697,1
2021-10-03 18:00:58,5.693,2
2021-10-03 18:00:58,5.694,1
2021-10-03 18:00:58,5.693,1
2021-10-03 18:00:58,5.695,2
2021-10-03 18:00:58,5.696,1
2021-10-03 18:00:58,5.697,2
2021-10-03 18:00:58,5.698,2
2021-10-03 18:00:58,5.699,2
2021-10-03 18:00:58,5.709,1
2021-10-03 18:00:58,5.71,2
2021-10-03 18:00:58,5.709,3
2021-10-03 18:00:58,5.706,2
2021-10-03 18:00:58,5.705,1
2021-10-03 18:00:58,5.709,4
2021-10-03 18:00:58,5.71,1
2021-10-03 18:00:58,5.714,4
2021-10-03 18:00:58,5.715,1
2021-10-03 18:00:58,5.714,1
2021-10-03 18:00:58,5.72,1
2021-10-03 18:00:58,5.725,1
2021-10-03 18:00:58,5.737,2
2021-10-03 18:00:58,5.735,2
2021-10-03 18:00:58,5.737,1
2021-10-03 18:00:58,5.739,1
2021-10-03 18:00:58,5.74,3
2021-10-03 18:00:58,5.738,1
2021-10-03 18:00:58,5.737,1
2021-10-03 18:00:58,5.74,10
2021-10-03 18:00:58,5.739,4
2021-10-03 18:00:58,5.74,3
2021-10-03 18:00:58,5.742,1
2021-10-03 18:00:58,5.743,1
2021-10-03 18:00:59,5.743,1
2021-10-03 18:00:59,5.742,1
2021-10-03 18:00:59,5.747,2
2021-10-03 18:00:59,5.726,1
2021-10-03 18:01:00,5.737,1
2021-10-03 18:01:00,5.738,1
2021-10-03 18:01:00,5.747,1
2021-10-03 18:01:01,5.728,1
2021-10-03 18:01:01,5.73,1
2021-10-03 18:01:01,5.744,2
2021-10-03 18:01:01,5.745,1
2021-10-03 18:01:01,5.749,1
2021-10-03 18:01:01,5.75,3
2021-10-03 18:01:01,5.751,2
2021-10-03 18:01:01,5.752,1
2021-10-03 18:01:01,5.753,1
2021-10-03 18:01:01,5.754,1
2021-10-03 18:01:01,5.755,1
2021-10-03 18:01:01,5.756,2
2021-10-03 18:01:01,5.758,8
2021-10-03 18:01:01,5.757,1
2021-10-03 18:01:01,5.74,1
2021-10-03 18:01:01,5.764,3
2021-10-03 18:01:01,5.765,15
2021-10-03 18:01:01,5.763,1
2021-10-03 18:01:01,5.74,1
2021-10-03 18:01:01,5.767,1
2021-10-03 18:01:01,5.768,2
2021-10-03 18:01:02,5.741,1
2021-10-03 18:01:02,5.74,2
2021-10-03 18:01:02,5.739,2
2021-10-03 18:01:02,5.734,1
2021-10-03 18:01:02,5.733,1
2021-10-03 18:01:02,5.761,1
2021-10-03 18:01:02,5.734,2
2021-10-03 18:01:03,5.748,1
2021-10-03 18:01:03,5.734,1
2021-10-03 18:01:03,5.733,4
2021-10-03 18:01:03,5.732,1
2021-10-03 18:01:03,5.731,1
2021-10-03 18:01:03,5.73,1
2021-10-03 18:01:03,5.729,26
2021-10-03 18:01:03,5.727,3
2021-10-03 18:01:03,5.725,2
2021-10-03 18:01:03,5.72,1
2021-10-03 18:01:03,5.723,1
2021-10-03 18:01:03,5.727,1
2021-10-03 18:01:04,5.721,1
2021-10-03 18:01:04,5.717,1
2021-10-03 18:01:04,5.716,6
2021-10-03 18:01:04,5.713,6
2021-10-03 18:01:05,5.714,2
2021-10-03 18:01:05,5.71,1
2021-10-03 18:01:05,5.709,1
2021-10-03 18:01:05,5.708,1
2021-10-03 18:01:05,5.709,1
2021-10-03 18:01:05,5.708,4
2021-10-03 18:01:05,5.707,2
2021-10-03 18:01:05,5.706,3
2021-10-03 18:01:05,5.707,2
2021-10-03 18:01:05,5.708,1
2021-10-03 18:01:05,5.71,3
2021-10-03 18:01:05,5.709,2
2021-10-03 18:01:05,5.706,5
2021-10-03 18:01:07,5.702,1
2021-10-03 18:01:07,5.695,2
2021-10-03 18:01:07,5.694,1
2021-10-03 18:01:07,5.693,1
2021-10-03 18:01:07,5.692,2
2021-10-03 18:01:07,5.691,1
2021-10-03 18:01:07,5.69,1
2021-10-03 18:01:07,5.689,1
2021-10-03 18:01:07,5.688,1
2021-10-03 18:01:07,5.696,5
2021-10-03 18:01:08,5.695,1
2021-10-03 18:01:08,5.694,1
2021-10-03 18:01:08,5.682,2
2021-10-03 18:01:08,5.681,1
2021-10-03 18:01:08,5.68,1
2021-10-03 18:01:08,5.679,1
2021-10-03 18:01:09,5.69,2
2021-10-03 18:01:10,5.685,1
2021-10-03 18:01:10,5.693,2
2021-10-03 18:01:10,5.691,1
2021-10-03 18:01:10,5.692,1
2021-10-03 18:01:11,5.693,1
2021-10-03 18:01:12,5.689,2
2021-10-03 18:01:12,5.684,1
2021-10-03 18:01:12,5.69,2
2021-10-03 18:01:14,5.69,1
2021-10-03 18:01:14,5.691,1
2021-10-03 18:01:14,5.693,1
2021-10-03 18:01:16,5.69,1
2021-10-03 18:01:16,5.694,5
2021-10-03 18:01:16,5.695,1
2021-10-03 18:01:16,5.691,1
2021-10-03 18:01:19,5.695,1
2021-10-03 18:01:19,5.699,1
2021-10-03 18:01:19,5.696,1
2021-10-03 18:01:21,5.699,1
2021-10-03 18:01:21,5.7,2
2021-10-03 18:01:21,5.701,2
2021-10-03 18:01:21,5.702,1
2021-10-03 18:01:21,5.703,3
2021-10-03 18:01:21,5.702,1
2021-10-03 18:01:25,5.696,5
2021-10-03 18:01:25,5.695,4
2021-10-03 18:01:25,5.7,3
2021-10-03 18:01:25,5.701,1
2021-10-03 18:01:25,5.7,5
2021-10-03 18:01:25,5.696,1
2021-10-03 18:01:27,5.702,1
2021-10-03 18:01:27,5.703,2
2021-10-03 18:01:28,5.705,1
2021-10-03 18:01:28,5.708,1
2021-10-03 18:01:29,5.708,1
2021-10-03 18:01:30,5.708,1
2021-10-03 18:01:30,5.709,1
2021-10-03 18:01:31,5.709,4
2021-10-03 18:01:34,5.709,3
2021-10-03 18:01:34,5.71,1
2021-10-03 18:01:34,5.714,4
2021-10-03 18:01:34,5.715,2
2021-10-03 18:01:34,5.71,1
2021-10-03 18:01:34,5.709,4
2021-10-03 18:01:34,5.71,1
2021-10-03 18:01:35,5.711,2
2021-10-03 18:01:35,5.712,1
2021-10-03 18:01:35,5.714,1
2021-10-03 18:01:35,5.715,5
2021-10-03 18:01:35,5.716,1
2021-10-03 18:01:35,5.718,1
2021-10-03 18:01:35,5.72,9
2021-10-03 18:01:35,5.714,1
2021-10-03 18:01:35,5.713,1
2021-10-03 18:01:38,5.711,5
2021-10-03 18:01:38,5.712,7
2021-10-03 18:01:40,5.713,1
2021-10-03 18:01:40,5.721,1
2021-10-03 18:01:41,5.72,1
2021-10-03 18:01:43,5.714,2
2021-10-03 18:01:44,5.72,1
2021-10-03 18:01:44,5.715,1
2021-10-03 18:01:47,5.72,1
2021-10-03 18:01:47,5.715,1
2021-10-03 18:01:47,5.716,2
2021-10-03 18:01:49,5.719,1
2021-10-03 18:01:49,5.72,3
2021-10-03 18:01:49,5.721,6
2021-10-03 18:01:49,5.715,1
2021-10-03 18:01:51,5.72,2
2021-10-03 18:01:51,5.721,5
2021-10-03 18:01:51,5.72,7
2021-10-03 18:01:53,5.722,1
2021-10-03 18:01:54,5.721,1
2021-10-03 18:01:55,5.724,1
2021-10-03 18:01:55,5.725,4
2021-10-03 18:01:56,5.726,2
2021-10-03 18:01:56,5.727,3
2021-10-03 18:01:57,5.724,2
2021-10-03 18:01:58,5.724,1
2021-10-03 18:01:58,5.727,1
2021-10-03 18:01:58,5.728,7
2021-10-03 18:01:58,5.729,17
2021-10-03 18:01:58,5.731,3
2021-10-03 18:01:58,5.733,1
2021-10-03 18:01:58,5.736,1
2021-10-03 18:01:58,5.737,1
2021-10-03 18:01:58,5.738,3
2021-10-03 18:01:58,5.739,1
2021-10-03 18:01:58,5.742,3
2021-10-03 18:01:58,5.739,1
2021-10-03 18:01:58,5.736,2
2021-10-03 18:01:59,5.744,1
2021-10-03 18:01:59,5.736,1
2021-10-03 18:01:59,5.745,1
2021-10-03 18:02:00,5.744,2
2021-10-03 18:02:01,5.743,3
2021-10-03 18:02:02,5.744,2
2021-10-03 18:02:02,5.746,1
2021-10-03 18:02:03,5.74,1
2021-10-03 18:02:04,5.744,1
2021-10-03 18:02:04,5.746,5
2021-10-03 18:02:04,5.749,1
2021-10-03 18:02:04,5.75,3
2021-10-03 18:02:06,5.745,1
2021-10-03 18:02:06,5.744,2
2021-10-03 18:02:06,5.746,1
2021-10-03 18:02:06,5.75,6
2021-10-03 18:02:06,5.745,2
2021-10-03 18:02:06,5.744,1
2021-10-03 18:02:08,5.744,1
2021-10-03 18:02:08,5.745,1
2021-10-03 18:02:08,5.746,2
2021-10-03 18:02:09,5.749,2
2021-10-03 18:02:09,5.747,1
2021-10-03 18:02:09,5.75,4
2021-10-03 18:02:09,5.752,1
2021-10-03 18:02:09,5.753,1
2021-10-03 18:02:09,5.755,2
2021-10-03 18:02:09,5.756,1
2021-10-03 18:02:09,5.757,10
2021-10-03 18:02:09,5.758,2
2021-10-03 18:02:09,5.759,2
2021-10-03 18:02:09,5.76,4
2021-10-03 18:02:10,5.748,1
2021-10-03 18:02:10,5.75,1
2021-10-03 18:02:10,5.751,5
2021-10-03 18:02:10,5.75,2
2021-10-03 18:02:10,5.747,2
2021-10-03 18:02:10,5.746,2
2021-10-03 18:02:10,5.745,2
2021-10-03 18:02:11,5.752,1
2021-10-03 18:02:11,5.75,1
2021-10-03 18:02:11,5.749,1
2021-10-03 18:02:11,5.752,1
2021-10-03 18:02:12,5.752,1
2021-10-03 18:02:12,5.753,3
2021-10-03 18:02:12,5.754,1
2021-10-03 18:02:12,5.759,2
2021-10-03 18:02:13,5.759,1
2021-10-03 18:02:13,5.751,1
2021-10-03 18:02:13,5.753,2
2021-10-03 18:02:14,5.755,1
2021-10-03 18:02:14,5.756,1
2021-10-03 18:02:14,5.76,3
2021-10-03 18:02:14,5.761,1
2021-10-03 18:02:14,5.76,4
2021-10-03 18:02:14,5.761,1
2021-10-03 18:02:14,5.76,12
2021-10-03 18:02:14,5.761,1
2021-10-03 18:02:14,5.752,1
2021-10-03 18:02:14,5.753,5
2021-10-03 18:02:15,5.754,1
2021-10-03 18:02:15,5.753,4
2021-10-03 18:02:15,5.752,1
2021-10-03 18:02:15,5.753,5
2021-10-03 18:02:15,5.751,3
2021-10-03 18:02:15,5.75,2
2021-10-03 18:02:16,5.752,1
2021-10-03 18:02:16,5.75,1
2021-10-03 18:02:16,5.752,1
2021-10-03 18:02:16,5.751,1
2021-10-03 18:02:17,5.749,1
2021-10-03 18:02:17,5.752,1
2021-10-03 18:02:17,5.753,1
2021-10-03 18:02:17,5.752,1
2021-10-03 18:02:18,5.752,1
2021-10-03 18:02:19,5.756,1
2021-10-03 18:02:19,5.757,1
2021-10-03 18:02:19,5.765,2
2021-10-03 18:02:19,5.766,1
2021-10-03 18:02:19,5.757,1
2021-10-03 18:02:19,5.762,1
2021-10-03 18:02:20,5.762,1
2021-10-03 18:02:20,5.757,2
2021-10-03 18:02:20,5.758,3
2021-10-03 18:02:20,5.757,1
2021-10-03 18:02:20,5.753,2
2021-10-03 18:02:20,5.752,1
2021-10-03 18:02:20,5.75,1
2021-10-03 18:02:20,5.751,1
2021-10-03 18:02:24,5.75,4
2021-10-03 18:02:24,5.749,1
2021-10-03 18:02:24,5.748,1
2021-10-03 18:02:24,5.745,2
2021-10-03 18:02:24,5.749,1
2021-10-03 18:02:25,5.75,1
2021-10-03 18:02:26,5.749,9
2021-10-03 18:02:27,5.75,7
2021-10-03 18:02:27,5.751,1
2021-10-03 18:02:27,5.752,1
2021-10-03 18:02:27,5.759,3
2021-10-03 18:02:27,5.76,8
2021-10-03 18:02:27,5.758,1
2021-10-03 18:02:29,5.753,1
2021-10-03 18:02:32,5.753,2
2021-10-03 18:02:32,5.752,1
2021-10-03 18:02:32,5.751,1
2021-10-03 18:02:35,5.753,1
2021-10-03 18:02:35,5.752,1
2021-10-03 18:02:39,5.755,2
2021-10-03 18:02:40,5.75,2
2021-10-03 18:02:42,5.755,1
2021-10-03 18:02:42,5.75,1
2021-10-03 18:02:45,5.75,1
2021-10-03 18:02:47,5.749,4
2021-10-03 18:02:47,5.748,1
2021-10-03 18:02:47,5.747,1
2021-10-03 18:02:50,5.745,1
2021-10-03 18:02:50,5.741,2
2021-10-03 18:02:50,5.74,2
2021-10-03 18:02:50,5.737,1
2021-10-03 18:02:50,5.736,1
2021-10-03 18:02:50,5.735,1
2021-10-03 18:02:50,5.733,3
2021-10-03 18:02:50,5.732,1
2021-10-03 18:02:50,5.731,1
2021-10-03 18:02:50,5.73,3
2021-10-03 18:02:50,5.729,9
2021-10-03 18:02:50,5.73,1
2021-10-03 18:02:50,5.729,4
2021-10-03 18:02:50,5.731,1
2021-10-03 18:02:50,5.732,1
2021-10-03 18:02:51,5.736,2
2021-10-03 18:02:52,5.73,1
2021-10-03 18:02:57,5.731,1
2021-10-03 18:02:58,5.731,1
2021-10-03 18:02:58,5.729,1
2021-10-03 18:03:00,5.73,1
2021-10-03 18:03:00,5.728,6
2021-10-03 18:03:05,5.725,1
2021-10-03 18:03:05,5.724,1
2021-10-03 18:03:07,5.724,1
2021-10-03 18:03:08,5.723,1
2021-10-03 18:03:08,5.724,1
2021-10-03 18:03:09,5.725,1
2021-10-03 18:03:11,5.727,1
2021-10-03 18:03:12,5.723,1
2021-10-03 18:03:16,5.721,1
2021-10-03 18:03:16,5.722,2
2021-10-03 18:03:16,5.721,4
2021-10-03 18:03:17,5.723,2
2021-10-03 18:03:17,5.72,1
2021-10-03 18:03:18,5.723,5
2021-10-03 18:03:19,5.723,1
2021-10-03 18:03:19,5.719,1
2021-10-03 18:03:20,5.719,1
2021-10-03 18:03:23,5.712,8
2021-10-03 18:03:23,5.711,1
2021-10-03 18:03:23,5.712,2
2021-10-03 18:03:24,5.711,5
2021-10-03 18:03:26,5.718,1
2021-10-03 18:03:26,5.712,1
2021-10-03 18:03:27,5.712,4
2021-10-03 18:03:30,5.718,1
2021-10-03 18:03:30,5.716,1
2021-10-03 18:03:31,5.712,1
2021-10-03 18:03:37,5.716,1
2021-10-03 18:03:37,5.713,1
2021-10-03 18:03:37,5.712,1
2021-10-03 18:03:38,5.714,2
2021-10-03 18:03:38,5.715,1
2021-10-03 18:03:38,5.718,1
2021-10-03 18:03:42,5.718,1
2021-10-03 18:03:44,5.714,1
2021-10-03 18:03:45,5.717,1
2021-10-03 18:03:46,5.717,1
2021-10-03 18:03:46,5.718,2
2021-10-03 18:03:47,5.719,1
2021-10-03 18:03:50,5.717,2
2021-10-03 18:03:50,5.718,1
2021-10-03 18:03:50,5.72,2
2021-10-03 18:03:51,5.72,1
2021-10-03 18:03:51,5.721,1
2021-10-03 18:03:51,5.722,1
2021-10-03 18:03:54,5.723,1
2021-10-03 18:03:56,5.724,2
2021-10-03 18:03:56,5.723,1
2021-10-03 18:03:56,5.721,1
2021-10-03 18:03:56,5.72,2
2021-10-03 18:03:56,5.724,1
2021-10-03 18:03:57,5.722,1
2021-10-03 18:03:58,5.723,1
2021-10-03 18:04:01,5.726,1
2021-10-03 18:04:02,5.726,1
2021-10-03 18:04:05,5.725,2
2021-10-03 18:04:06,5.724,1
2021-10-03 18:04:19,5.728,1
2021-10-03 18:04:19,5.729,1
2021-10-03 18:04:19,5.726,6
2021-10-03 18:04:26,5.729,1
2021-10-03 18:04:31,5.73,5
2021-10-03 18:04:31,5.731,2
2021-10-03 18:04:32,5.732,2
2021-10-03 18:04:32,5.731,1
2021-10-03 18:04:36,5.73,1
2021-10-03 18:04:38,5.733,1
2021-10-03 18:04:42,5.733,2
2021-10-03 18:04:44,5.737,2
2021-10-03 18:04:45,5.738,1
2021-10-03 18:04:48,5.738,2
2021-10-03 18:04:48,5.739,1
2021-10-03 18:04:50,5.739,1
2021-10-03 18:04:51,5.736,1
2021-10-03 18:04:52,5.735,1
2021-10-03 18:04:53,5.738,1
2021-10-03 18:04:59,5.738,2
2021-10-03 18:05:00,5.738,2
2021-10-03 18:05:00,5.737,1
2021-10-03 18:05:01,5.739,3
2021-10-03 18:05:01,5.74,2
2021-10-03 18:05:01,5.742,3
2021-10-03 18:05:02,5.738,1
2021-10-03 18:05:04,5.749,1
2021-10-03 18:05:05,5.738,1
2021-10-03 18:05:12,5.745,1
2021-10-03 18:05:14,5.741,1
2021-10-03 18:05:20,5.748,1
2021-10-03 18:05:21,5.747,1
2021-10-03 18:05:21,5.748,2
2021-10-03 18:05:23,5.746,2
2021-10-03 18:05:23,5.744,1
2021-10-03 18:05:25,5.748,1
2021-10-03 18:05:25,5.749,4
2021-10-03 18:05:25,5.748,1
2021-10-03 18:05:25,5.749,2
2021-10-03 18:05:26,5.747,1
2021-10-03 18:05:26,5.746,1
2021-10-03 18:05:26,5.744,1
2021-10-03 18:05:27,5.745,1
2021-10-03 18:05:27,5.744,1
2021-10-03 18:05:27,5.745,1
2021-10-03 18:05:27,5.743,1
2021-10-03 18:05:27,5.74,1
2021-10-03 18:05:27,5.738,1
2021-10-03 18:05:29,5.739,3
2021-10-03 18:05:29,5.738,2
2021-10-03 18:05:29,5.737,1
2021-10-03 18:05:35,5.74,1
2021-10-03 18:05:36,5.738,1
2021-10-03 18:05:37,5.744,3
2021-10-03 18:05:37,5.745,5
2021-10-03 18:05:37,5.746,1
2021-10-03 18:06:12,5.735,2
2021-10-03 18:06:12,5.734,3
2021-10-03 18:06:12,5.732,2
2021-10-03 18:06:12,5.731,1
2021-10-03 18:06:17,5.731,1
2021-10-03 18:06:18,5.731,1
2021-10-03 18:06:19,5.731,1
2021-10-03 18:06:21,5.734,2
2021-10-03 18:06:24,5.73,3
2021-10-03 18:06:25,5.73,1
2021-10-03 18:06:27,5.727,2
2021-10-03 18:06:27,5.726,3
2021-10-03 18:06:29,5.725,1
2021-10-03 18:06:35,5.725,7
2021-10-03 18:06:36,5.725,1
2021-10-03 18:06:43,5.728,1
2021-10-03 18:06:43,5.726,3
2021-10-03 18:06:43,5.727,1
2021-10-03 18:06:43,5.73,1
2021-10-03 18:06:44,5.726,1
2021-10-03 18:06:44,5.727,1
2021-10-03 18:06:45,5.73,1
2021-10-03 18:06:45,5.731,1
2021-10-03 18:06:45,5.733,1
2021-10-03 18:06:45,5.734,1
2021-10-03 18:06:47,5.734,1
2021-10-03 18:06:47,5.73,2
2021-10-03 18:06:47,5.729,1
2021-10-03 18:06:47,5.727,2
2021-10-03 18:06:47,5.726,1
2021-10-03 18:06:48,5.735,7
2021-10-03 18:06:54,5.736,2
2021-10-03 18:06:54,5.729,1
2021-10-03 18:07:03,5.73,2
2021-10-03 18:07:05,5.729,1
2021-10-03 18:07:06,5.735,1
2021-10-03 18:07:07,5.731,1
2021-10-03 18:07:12,5.731,1
2021-10-03 18:07:12,5.732,1
2021-10-03 18:07:17,5.729,6
2021-10-03 18:07:28,5.733,1
2021-10-03 18:07:34,5.73,1
2021-10-03 18:07:35,5.732,2
2021-10-03 18:07:35,5.733,1
2021-10-03 18:07:41,5.731,2
2021-10-03 18:07:41,5.73,2
2021-10-03 18:07:50,5.729,2
2021-10-03 18:07:51,5.729,1
2021-10-03 18:07:55,5.731,2
2021-10-03 18:07:58,5.736,1
2021-10-03 18:07:58,5.731,1
2021-10-03 18:07:58,5.732,1
2021-10-03 18:08:07,5.73,7
2021-10-03 18:08:21,5.731,1
2021-10-03 18:08:21,5.73,1
2021-10-03 18:08:21,5.729,1
2021-10-03 18:08:21,5.726,1
2021-10-03 18:08:21,5.725,8
2021-10-03 18:08:25,5.726,3
2021-10-03 18:08:28,5.729,1
2021-10-03 18:08:28,5.728,1
2021-10-03 18:08:28,5.729,1
2021-10-03 18:08:28,5.73,1
2021-10-03 18:08:28,5.731,1
2021-10-03 18:08:34,5.73,1
2021-10-03 18:08:34,5.731,1
2021-10-03 18:08:38,5.731,2
2021-10-03 18:08:41,5.73,1
2021-10-03 18:08:43,5.727,17
2021-10-03 18:08:44,5.727,2
2021-10-03 18:08:45,5.727,1
2021-10-03 18:08:46,5.726,1
2021-10-03 18:08:46,5.725,1
2021-10-03 18:08:46,5.72,7
2021-10-03 18:08:46,5.721,2
2021-10-03 18:08:46,5.72,1
2021-10-03 18:08:46,5.723,1
2021-10-03 18:08:46,5.727,7
2021-10-03 18:08:46,5.724,1
2021-10-03 18:08:46,5.72,3
2021-10-03 18:08:49,5.727,3
2021-10-03 18:08:55,5.724,1
2021-10-03 18:08:57,5.727,1
2021-10-03 18:09:10,5.724,1
2021-10-03 18:09:11,5.724,1
2021-10-03 18:09:11,5.726,1
2021-10-03 18:09:11,5.727,3
2021-10-03 18:09:12,5.73,1
2021-10-03 18:09:16,5.727,1
2021-10-03 18:09:16,5.728,5
2021-10-03 18:09:16,5.729,9
2021-10-03 18:09:20,5.726,1
2021-10-03 18:09:20,5.725,2
2021-10-03 18:09:20,5.726,1
2021-10-03 18:09:22,5.721,1
2021-10-03 18:09:28,5.72,4
2021-10-03 18:09:28,5.717,1
2021-10-03 18:09:28,5.716,1
2021-10-03 18:09:28,5.714,1
2021-10-03 18:09:28,5.715,2
2021-10-03 18:09:28,5.714,2
2021-10-03 18:09:28,5.713,1
2021-10-03 18:09:37,5.715,1
2021-10-03 18:09:37,5.714,1
2021-10-03 18:09:37,5.713,1
2021-10-03 18:09:38,5.712,1
2021-10-03 18:09:47,5.713,1
2021-10-03 18:09:47,5.712,2
2021-10-03 18:09:47,5.711,3
2021-10-03 18:09:47,5.71,2
2021-10-03 18:09:47,5.711,1
2021-10-03 18:09:47,5.71,1
2021-10-03 18:09:47,5.713,1
2021-10-03 18:09:47,5.712,2
2021-10-03 18:09:47,5.711,3
2021-10-03 18:09:47,5.71,2
2021-10-03 18:09:47,5.711,1
2021-10-03 18:09:47,5.71,1
2021-10-03 18:09:52,5.71,2
2021-10-03 18:09:58,5.713,1
2021-10-03 18:10:02,5.711,1
2021-10-03 18:10:02,5.714,1
2021-10-03 18:10:03,5.711,3
2021-10-03 18:10:05,5.714,1
2021-10-03 18:10:07,5.717,1
2021-10-03 18:10:07,5.718,1
2021-10-03 18:10:07,5.719,1
2021-10-03 18:10:07,5.72,1
2021-10-03 18:10:07,5.721,1
2021-10-03 18:10:07,5.72,1
2021-10-03 18:10:07,5.721,1
2021-10-03 18:10:12,5.72,1
2021-10-03 18:10:13,5.714,2
2021-10-03 18:10:14,5.718,1
2021-10-03 18:10:14,5.719,1
2021-10-03 18:10:17,5.72,2
2021-10-03 18:10:18,5.721,1
2021-10-03 18:10:19,5.721,1
2021-10-03 18:10:21,5.723,1
2021-10-03 18:10:21,5.724,3
2021-10-03 18:10:21,5.725,1
2021-10-03 18:10:24,5.727,1
2021-10-03 18:10:25,5.723,1
2021-10-03 18:10:38,5.729,1
2021-10-03 18:10:41,5.729,2
2021-10-03 18:10:50,5.73,10
2021-10-03 18:11:01,5.727,1
2021-10-03 18:11:05,5.727,1
2021-10-03 18:11:07,5.726,1
2021-10-03 18:11:11,5.727,1
2021-10-03 18:11:11,5.729,5
2021-10-03 18:11:29,5.728,1
2021-10-03 18:11:39,5.727,2
2021-10-03 18:11:39,5.728,2
2021-10-03 18:11:39,5.724,1
2021-10-03 18:11:42,5.728,2
2021-10-03 18:12:01,5.728,3
2021-10-03 18:12:02,5.723,1
2021-10-03 18:12:06,5.722,1
2021-10-03 18:12:10,5.72,1
2021-10-03 18:12:15,5.723,1
2021-10-03 18:12:17,5.722,3
2021-10-03 18:12:17,5.723,1
2021-10-03 18:12:28,5.727,1
2021-10-03 18:12:28,5.728,1
2021-10-03 18:12:28,5.73,6
2021-10-03 18:12:28,5.731,2
2021-10-03 18:12:28,5.735,1
2021-10-03 18:12:28,5.732,1
2021-10-03 18:12:30,5.731,1
2021-10-03 18:12:40,5.734,1
2021-10-03 18:12:43,5.731,9
2021-10-03 18:13:09,5.734,1
2021-10-03 18:13:44,5.727,1
2021-10-03 18:14:05,5.727,1
2021-10-03 18:14:05,5.726,1
2021-10-03 18:14:05,5.727,1
2021-10-03 18:14:10,5.724,1
2021-10-03 18:14:14,5.723,1
2021-10-03 18:14:34,5.722,1
2021-10-03 18:14:35,5.726,1
2021-10-03 18:14:40,5.727,1
2021-10-03 18:14:40,5.728,1
2021-10-03 18:14:42,5.729,1
2021-10-03 18:15:01,5.728,5
2021-10-03 18:15:02,5.728,2
2021-10-03 18:15:04,5.729,1
2021-10-03 18:15:10,5.731,1
2021-10-03 18:15:28,5.731,1
2021-10-03 18:15:33,5.725,1
2021-10-03 18:16:06,5.726,1
2021-10-03 18:16:18,5.729,1
2021-10-03 18:16:26,5.729,1
2021-10-03 18:16:30,5.731,1
2021-10-03 18:16:45,5.73,1
2021-10-03 18:17:16,5.73,1
2021-10-03 18:18:01,5.729,2
2021-10-03 18:18:25,5.729,5
2021-10-03 18:18:29,5.727,3
2021-10-03 18:18:29,5.726,1
2021-10-03 18:19:00,5.725,1
2021-10-03 18:19:01,5.723,2
2021-10-03 18:19:02,5.722,1
2021-10-03 18:19:03,5.723,1
2021-10-03 18:19:04,5.723,2
2021-10-03 18:19:05,5.721,2
2021-10-03 18:19:17,5.723,1
2021-10-03 18:19:17,5.721,1
2021-10-03 18:19:18,5.721,1
2021-10-03 18:19:24,5.721,1
2021-10-03 18:19:34,5.724,3
2021-10-03 18:19:48,5.722,2
2021-10-03 18:20:30,5.722,2
2021-10-03 18:20:35,5.722,1
2021-10-03 18:21:18,5.721,2
2021-10-03 18:21:35,5.723,7
2021-10-03 18:21:40,5.725,1
2021-10-03 18:21:48,5.726,1
2021-10-03 18:21:50,5.721,1
2021-10-03 18:22:09,5.724,1
2021-10-03 18:22:41,5.724,3
2021-10-03 18:22:42,5.724,2
2021-10-03 18:22:43,5.725,3
2021-10-03 18:22:43,5.723,1
2021-10-03 18:22:43,5.725,1
2021-10-03 18:22:50,5.727,1
2021-10-03 18:23:03,5.728,1
2021-10-03 18:23:07,5.728,3
2021-10-03 18:23:13,5.729,1
2021-10-03 18:23:25,5.726,1
2021-10-03 18:23:25,5.725,1
2021-10-03 18:23:32,5.725,1
2021-10-03 18:23:34,5.725,1
2021-10-03 18:23:38,5.726,1
2021-10-03 18:23:44,5.725,2
2021-10-03 18:23:52,5.725,1
2021-10-03 18:24:07,5.729,4
2021-10-03 18:24:10,5.73,8
2021-10-03 18:24:11,5.73,2
2021-10-03 18:24:11,5.731,2
2021-10-03 18:24:11,5.732,1
2021-10-03 18:24:11,5.734,1
2021-10-03 18:24:11,5.735,6
2021-10-03 18:24:11,5.731,2
2021-10-03 18:24:19,5.734,1
2021-10-03 18:24:20,5.736,2
2021-10-03 18:24:20,5.738,2
2021-10-03 18:24:20,5.74,1
2021-10-03 18:24:23,5.734,1
2021-10-03 18:24:24,5.739,1
2021-10-03 18:24:24,5.736,2
2021-10-03 18:24:26,5.736,2
2021-10-03 18:24:27,5.736,1
2021-10-03 18:24:39,5.736,1
2021-10-03 18:24:41,5.74,1
2021-10-03 18:24:43,5.737,7
2021-10-03 18:24:44,5.739,1
2021-10-03 18:24:44,5.736,1
2021-10-03 18:24:46,5.739,1
2021-10-03 18:24:46,5.736,1
2021-10-03 18:24:47,5.736,1
2021-10-03 18:24:47,5.735,3
2021-10-03 18:24:59,5.735,1
2021-10-03 18:25:00,5.735,1
2021-10-03 18:25:01,5.738,5
2021-10-03 18:25:01,5.736,4
2021-10-03 18:25:01,5.738,2
2021-10-03 18:25:06,5.738,5
2021-10-03 18:25:06,5.736,5
2021-10-03 18:25:06,5.739,1
2021-10-03 18:25:08,5.739,1
2021-10-03 18:25:08,5.736,1
2021-10-03 18:25:24,5.735,1
2021-10-03 18:25:24,5.734,1
2021-10-03 18:25:28,5.736,10
2021-10-03 18:25:37,5.732,2
2021-10-03 18:25:38,5.731,1
2021-10-03 18:25:56,5.737,1
2021-10-03 18:25:59,5.736,1
2021-10-03 18:26:17,5.738,1
2021-10-03 18:26:20,5.739,1
2021-10-03 18:26:20,5.74,4
2021-10-03 18:26:20,5.742,1
2021-10-03 18:26:20,5.743,1
2021-10-03 18:26:21,5.743,1
2021-10-03 18:26:25,5.746,1
2021-10-03 18:26:27,5.742,1
2021-10-03 18:26:29,5.746,2
2021-10-03 18:26:31,5.747,2
2021-10-03 18:26:34,5.745,4
2021-10-03 18:26:40,5.745,1
2021-10-03 18:26:43,5.747,1
2021-10-03 18:26:45,5.746,1
2021-10-03 18:26:47,5.745,1
2021-10-03 18:26:50,5.748,2
2021-10-03 18:26:52,5.748,1
2021-10-03 18:26:54,5.748,2
2021-10-03 18:26:58,5.748,3
2021-10-03 18:27:03,5.745,2
2021-10-03 18:27:04,5.742,2
2021-10-03 18:27:09,5.742,1
2021-10-03 18:27:34,5.745,2
2021-10-03 18:27:40,5.745,1
2021-10-03 18:27:57,5.745,1
2021-10-03 18:27:57,5.746,1
2021-10-03 18:28:05,5.747,1
2021-10-03 18:28:07,5.748,2
2021-10-03 18:28:08,5.749,2
2021-10-03 18:28:08,5.748,1
2021-10-03 18:28:09,5.749,1
2021-10-03 18:28:11,5.748,1
2021-10-03 18:28:20,5.748,1
2021-10-03 18:28:22,5.748,1
2021-10-03 18:28:22,5.747,1
2021-10-03 18:28:45,5.747,1
2021-10-03 18:29:04,5.746,1
2021-10-03 18:29:09,5.746,1
2021-10-03 18:29:11,5.746,1
2021-10-03 18:29:19,5.746,1
2021-10-03 18:29:19,5.747,5
2021-10-03 18:29:19,5.749,1
2021-10-03 18:29:19,5.75,3
2021-10-03 18:29:19,5.751,3
2021-10-03 18:29:19,5.752,2
2021-10-03 18:29:19,5.753,6
2021-10-03 18:29:19,5.752,1
2021-10-03 18:29:21,5.755,1
2021-10-03 18:29:22,5.75,1
2021-10-03 18:29:22,5.755,1
2021-10-03 18:29:24,5.755,1
2021-10-03 18:29:24,5.751,1
2021-10-03 18:29:24,5.756,1
2021-10-03 18:29:27,5.757,2
2021-10-03 18:29:27,5.759,1
2021-10-03 18:29:30,5.754,1
2021-10-03 18:29:31,5.759,7
2021-10-03 18:29:34,5.754,2
2021-10-03 18:29:34,5.753,1
2021-10-03 18:29:34,5.751,1
2021-10-03 18:29:34,5.75,2
2021-10-03 18:29:34,5.748,1
2021-10-03 18:29:35,5.751,1
2021-10-03 18:29:38,5.751,1
2021-10-03 18:29:43,5.752,2
2021-10-03 18:29:56,5.751,1
2021-10-03 18:30:00,5.756,2
2021-10-03 18:30:06,5.752,1
2021-10-03 18:30:06,5.751,1
2021-10-03 18:30:06,5.752,1
2021-10-03 18:30:08,5.75,3
2021-10-03 18:30:15,5.752,3
2021-10-03 18:30:16,5.752,1
2021-10-03 18:30:21,5.756,6
2021-10-03 18:30:24,5.751,1
2021-10-03 18:30:41,5.751,1
2021-10-03 18:30:44,5.755,2
2021-10-03 18:30:44,5.757,1
2021-10-03 18:30:44,5.758,7
2021-10-03 18:30:45,5.755,2
2021-10-03 18:31:03,5.753,1
2021-10-03 18:31:38,5.754,1
2021-10-03 18:31:38,5.755,1
2021-10-03 18:31:38,5.754,1
2021-10-03 18:31:43,5.755,1
2021-10-03 18:31:45,5.756,7
2021-10-03 18:31:45,5.757,1
2021-10-03 18:31:45,5.758,1
2021-10-03 18:31:46,5.756,1
2021-10-03 18:31:50,5.756,3
2021-10-03 18:31:51,5.759,1
2021-10-03 18:31:51,5.76,2
2021-10-03 18:31:51,5.761,3
2021-10-03 18:31:51,5.762,1
2021-10-03 18:31:51,5.765,1
2021-10-03 18:31:51,5.766,2
2021-10-03 18:31:51,5.767,1
2021-10-03 18:31:51,5.768,6
2021-10-03 18:31:51,5.769,4
2021-10-03 18:31:51,5.77,1
2021-10-03 18:31:51,5.771,1
2021-10-03 18:31:51,5.773,6
2021-10-03 18:31:51,5.775,1
2021-10-03 18:31:51,5.776,1
2021-10-03 18:31:51,5.777,1
2021-10-03 18:31:51,5.772,1
2021-10-03 18:31:51,5.771,1
2021-10-03 18:31:51,5.77,2
2021-10-03 18:31:51,5.771,1
2021-10-03 18:31:51,5.768,1
2021-10-03 18:31:51,5.766,1
2021-10-03 18:31:51,5.761,6
2021-10-03 18:31:51,5.76,1
2021-10-03 18:31:51,5.761,1
2021-10-03 18:31:51,5.764,8
2021-10-03 18:31:51,5.765,17
2021-10-03 18:31:52,5.763,19
2021-10-03 18:31:58,5.763,3
2021-10-03 18:31:59,5.763,1
2021-10-03 18:32:00,5.759,1
2021-10-03 18:32:05,5.762,1
2021-10-03 18:32:14,5.762,1
2021-10-03 18:32:19,5.762,5
2021-10-03 18:32:23,5.759,4
2021-10-03 18:32:31,5.759,1
2021-10-03 18:32:32,5.757,1
2021-10-03 18:32:32,5.756,4
2021-10-03 18:32:32,5.755,1
2021-10-03 18:32:45,5.755,1
2021-10-03 18:32:52,5.755,1
2021-10-03 18:33:08,5.755,4
2021-10-03 18:33:12,5.751,1
2021-10-03 18:33:14,5.751,1
2021-10-03 18:33:18,5.75,8
2021-10-03 18:33:19,5.75,1
2021-10-03 18:33:33,5.748,2
2021-10-03 18:33:34,5.745,2
2021-10-03 18:33:34,5.75,2
2021-10-03 18:33:34,5.751,2
2021-10-03 18:33:46,5.753,1
2021-10-03 18:34:02,5.76,1
2021-10-03 18:34:12,5.76,1
2021-10-03 18:34:39,5.76,11
2021-10-03 18:34:42,5.761,1
2021-10-03 18:34:44,5.757,1
2021-10-03 18:34:50,5.761,2
2021-10-03 18:35:11,5.761,2
2021-10-03 18:35:11,5.759,1
2021-10-03 18:35:25,5.758,2
2021-10-03 18:35:30,5.754,1
2021-10-03 18:35:42,5.753,7
2021-10-03 18:35:43,5.753,1
2021-10-03 18:35:48,5.755,1
2021-10-03 18:36:02,5.755,1
2021-10-03 18:36:02,5.754,4
2021-10-03 18:36:11,5.751,1
2021-10-03 18:36:18,5.751,5
2021-10-03 18:36:19,5.758,2
2021-10-03 18:36:22,5.753,1
2021-10-03 18:36:36,5.76,1
2021-10-03 18:36:39,5.753,2
2021-10-03 18:37:11,5.753,1
2021-10-03 18:37:46,5.753,1
2021-10-03 18:37:59,5.753,1
2021-10-03 18:38:22,5.758,1
2021-10-03 18:38:32,5.753,1
2021-10-03 18:38:32,5.752,1
2021-10-03 18:38:32,5.753,1
2021-10-03 18:38:50,5.75,10
2021-10-03 18:38:59,5.746,1
2021-10-03 18:39:02,5.748,1
2021-10-03 18:39:24,5.747,3
2021-10-03 18:39:30,5.748,1
2021-10-03 18:40:31,5.747,2
2021-10-03 18:40:39,5.747,1
2021-10-03 18:40:45,5.747,2
2021-10-03 18:40:58,5.747,5
2021-10-03 18:41:01,5.747,1
2021-10-03 18:41:04,5.749,1
2021-10-03 18:41:07,5.744,3
2021-10-03 18:41:07,5.743,2
2021-10-03 18:41:07,5.742,1
2021-10-03 18:41:07,5.741,2
2021-10-03 18:41:07,5.74,1
2021-10-03 18:41:07,5.739,1
2021-10-03 18:41:07,5.738,2
2021-10-03 18:41:07,5.734,1
2021-10-03 18:41:07,5.733,2
2021-10-03 18:41:10,5.734,1
2021-10-03 18:41:12,5.734,1
2021-10-03 18:41:27,5.738,2
2021-10-03 18:41:29,5.738,3
2021-10-03 18:41:29,5.737,1
2021-10-03 18:41:29,5.738,1
2021-10-03 18:41:32,5.738,3
2021-10-03 18:41:32,5.737,1
2021-10-03 18:41:32,5.738,1
2021-10-03 18:41:32,5.737,1
2021-10-03 18:41:39,5.74,1
2021-10-03 18:41:42,5.738,1
2021-10-03 18:41:48,5.738,1
2021-10-03 18:42:22,5.738,4
2021-10-03 18:42:36,5.74,1
2021-10-03 18:42:50,5.742,1
2021-10-03 18:43:09,5.742,1
2021-10-03 18:43:46,5.742,1
2021-10-03 18:44:00,5.742,1
2021-10-03 18:44:13,5.74,2
2021-10-03 18:44:19,5.74,2
2021-10-03 18:44:32,5.74,2
2021-10-03 18:45:02,5.741,1
2021-10-03 18:45:06,5.741,1
2021-10-03 18:45:16,5.739,1
2021-10-03 18:45:24,5.739,1
2021-10-03 18:45:24,5.738,5
2021-10-03 18:45:28,5.736,1
2021-10-03 18:45:29,5.735,1
2021-10-03 18:45:50,5.734,1
2021-10-03 18:45:57,5.737,2
2021-10-03 18:45:57,5.734,3
2021-10-03 18:45:58,5.737,1
2021-10-03 18:46:00,5.733,2
2021-10-03 18:46:00,5.732,3
2021-10-03 18:46:00,5.731,1
2021-10-03 18:46:00,5.73,1
2021-10-03 18:46:02,5.73,1
2021-10-03 18:46:14,5.729,1
2021-10-03 18:46:15,5.73,1
2021-10-03 18:46:15,5.729,1
2021-10-03 18:46:15,5.73,1
2021-10-03 18:46:15,5.729,1
2021-10-03 18:46:15,5.73,1
2021-10-03 18:46:21,5.729,1
2021-10-03 18:46:22,5.73,1
2021-10-03 18:46:22,5.729,1
2021-10-03 18:46:28,5.73,1
2021-10-03 18:46:28,5.729,1
2021-10-03 18:46:31,5.73,1
2021-10-03 18:46:45,5.728,3
2021-10-03 18:46:45,5.727,3
2021-10-03 18:46:46,5.728,2
2021-10-03 18:46:48,5.728,2
2021-10-03 18:46:56,5.727,1
2021-10-03 18:46:58,5.728,2
2021-10-03 18:46:58,5.727,1
2021-10-03 18:47:05,5.727,1
2021-10-03 18:47:12,5.728,1
2021-10-03 18:47:22,5.726,2
2021-10-03 18:47:22,5.725,6
2021-10-03 18:47:22,5.724,3
2021-10-03 18:47:22,5.723,3
2021-10-03 18:47:22,5.722,1
2021-10-03 18:47:22,5.721,2
2021-10-03 18:47:22,5.72,3
2021-10-03 18:47:22,5.725,3
2021-10-03 18:47:22,5.724,2
2021-10-03 18:47:22,5.725,12
2021-10-03 18:47:22,5.72,3
2021-10-03 18:47:22,5.719,1
2021-10-03 18:47:22,5.717,1
2021-10-03 18:47:22,5.72,3
2021-10-03 18:47:23,5.724,1
2021-10-03 18:47:23,5.723,1
2021-10-03 18:47:25,5.725,1
2021-10-03 18:47:25,5.724,1
2021-10-03 18:47:25,5.725,6
2021-10-03 18:47:27,5.725,1
2021-10-03 18:47:27,5.722,1
2021-10-03 18:47:28,5.716,4
2021-10-03 18:47:28,5.715,3
2021-10-03 18:47:28,5.714,2
2021-10-03 18:47:29,5.717,2
2021-10-03 18:47:30,5.717,1
2021-10-03 18:47:33,5.717,2
2021-10-03 18:47:34,5.72,4
2021-10-03 18:47:34,5.716,1
2021-10-03 18:47:34,5.717,5
2021-10-03 18:47:35,5.717,6
2021-10-03 18:47:36,5.717,1
2021-10-03 18:47:36,5.721,2
2021-10-03 18:47:40,5.718,1
2021-10-03 18:47:47,5.719,1
2021-10-03 18:47:59,5.718,1
2021-10-03 18:47:59,5.717,1
2021-10-03 18:48:08,5.719,2
2021-10-03 18:48:12,5.719,1
2021-10-03 18:48:19,5.717,5
2021-10-03 18:48:19,5.716,1
2021-10-03 18:48:19,5.715,2
2021-10-03 18:48:26,5.718,1
2021-10-03 18:48:26,5.716,1
2021-10-03 18:48:26,5.715,1
2021-10-03 18:48:35,5.715,7
2021-10-03 18:48:41,5.712,2
2021-10-03 18:48:45,5.712,2
2021-10-03 18:48:46,5.711,1
2021-10-03 18:48:46,5.715,2
2021-10-03 18:48:47,5.712,2
2021-10-03 18:48:50,5.713,1
2021-10-03 18:48:58,5.713,1
2021-10-03 18:48:59,5.716,1
2021-10-03 18:49:02,5.715,1
2021-10-03 18:49:04,5.712,2
2021-10-03 18:49:04,5.716,1
2021-10-03 18:49:07,5.712,1
2021-10-03 18:49:11,5.711,1
2021-10-03 18:49:12,5.712,1
2021-10-03 18:49:12,5.711,2
2021-10-03 18:49:12,5.712,1
2021-10-03 18:49:17,5.712,1
2021-10-03 18:49:18,5.711,1
2021-10-03 18:49:18,5.716,1
2021-10-03 18:49:20,5.711,1
2021-10-03 18:49:35,5.716,1
2021-10-03 18:49:47,5.717,1
2021-10-03 18:49:47,5.716,1
2021-10-03 18:49:47,5.717,3
2021-10-03 18:49:47,5.718,1
2021-10-03 18:49:47,5.714,1
2021-10-03 18:49:54,5.715,4
2021-10-03 18:49:56,5.715,1
2021-10-03 18:49:59,5.716,1
2021-10-03 18:50:00,5.719,1
2021-10-03 18:50:06,5.719,1
2021-10-03 18:50:14,5.716,1
2021-10-03 18:50:17,5.72,1
2021-10-03 18:50:29,5.721,1
2021-10-03 18:50:30,5.723,1
2021-10-03 18:50:31,5.723,1
2021-10-03 18:50:31,5.725,1
2021-10-03 18:50:31,5.726,1
2021-10-03 18:50:31,5.727,1
2021-10-03 18:50:31,5.728,2
2021-10-03 18:50:31,5.729,1
2021-10-03 18:50:33,5.73,1
2021-10-03 18:50:35,5.722,1
2021-10-03 18:50:48,5.729,1
2021-10-03 18:50:48,5.731,1
2021-10-03 18:50:48,5.732,1
2021-10-03 18:50:57,5.729,1
2021-10-03 18:51:01,5.731,1
2021-10-03 18:51:01,5.73,1
2021-10-03 18:51:08,5.729,1
2021-10-03 18:51:11,5.729,1
2021-10-03 18:51:11,5.726,3
2021-10-03 18:51:12,5.728,1
2021-10-03 18:51:17,5.728,1
2021-10-03 18:51:17,5.729,5
2021-10-03 18:51:17,5.728,1
2021-10-03 18:51:17,5.729,1
2021-10-03 18:51:22,5.73,1
2021-10-03 18:51:23,5.732,3
2021-10-03 18:51:24,5.732,5
2021-10-03 18:51:35,5.733,3
2021-10-03 18:51:41,5.734,1
2021-10-03 18:51:43,5.731,1
2021-10-03 18:52:00,5.734,1
2021-10-03 18:52:17,5.73,2
2021-10-03 18:52:17,5.729,5
2021-10-03 18:52:17,5.727,1
2021-10-03 18:52:17,5.725,2
2021-10-03 18:52:17,5.724,1
2021-10-03 18:52:21,5.728,1
2021-10-03 18:52:39,5.727,1
2021-10-03 18:52:39,5.726,2
2021-10-03 18:52:45,5.726,1
2021-10-03 18:52:48,5.729,1
2021-10-03 18:53:00,5.729,1
2021-10-03 18:53:43,5.728,1
2021-10-03 18:54:12,5.729,1
2021-10-03 18:54:18,5.729,2
2021-10-03 18:54:56,5.729,1
2021-10-03 18:55:08,5.729,1
2021-10-03 18:55:37,5.729,1
2021-10-03 18:55:40,5.726,1
2021-10-03 18:55:40,5.724,1
2021-10-03 18:55:54,5.725,1
2021-10-03 18:55:54,5.726,2
2021-10-03 18:56:34,5.724,1
2021-10-03 18:56:40,5.724,1
2021-10-03 18:56:41,5.722,1
2021-10-03 18:56:45,5.723,1
2021-10-03 18:56:45,5.721,1
2021-10-03 18:56:50,5.721,1
2021-10-03 18:56:52,5.721,1
2021-10-03 18:57:11,5.72,2
2021-10-03 18:57:11,5.719,3
2021-10-03 18:57:24,5.719,1
2021-10-03 18:57:31,5.719,1
2021-10-03 18:57:33,5.719,1
2021-10-03 18:57:38,5.719,4
2021-10-03 18:57:38,5.718,1
2021-10-03 18:57:56,5.723,2
2021-10-03 18:58:05,5.723,1
2021-10-03 18:58:10,5.723,1
2021-10-03 18:58:22,5.723,1
2021-10-03 18:59:32,5.723,1
2021-10-03 18:59:50,5.719,1
2021-10-03 19:00:04,5.723,2
2021-10-03 19:00:04,5.724,1
2021-10-03 19:00:04,5.725,4
2021-10-03 19:00:04,5.726,2
2021-10-03 19:00:13,5.726,1
2021-10-03 19:00:13,5.727,1
2021-10-03 19:00:13,5.728,2
2021-10-03 19:00:13,5.729,4
2021-10-03 19:00:13,5.73,2
2021-10-03 19:00:13,5.728,1
2021-10-03 19:00:17,5.727,2
2021-10-03 19:00:36,5.726,1
2021-10-03 19:00:45,5.728,1
2021-10-03 19:01:02,5.727,1
2021-10-03 19:01:05,5.73,3
2021-10-03 19:01:10,5.726,1
2021-10-03 19:01:29,5.73,2
2021-10-03 19:01:33,5.73,5
2021-10-03 19:01:34,5.73,25
2021-10-03 19:01:34,5.731,1
2021-10-03 19:01:34,5.732,1
2021-10-03 19:01:34,5.733,1
2021-10-03 19:01:34,5.734,1
2021-10-03 19:01:34,5.735,1
2021-10-03 19:01:34,5.736,1
2021-10-03 19:01:34,5.737,2
2021-10-03 19:01:34,5.738,3
2021-10-03 19:01:34,5.739,1
2021-10-03 19:01:34,5.74,1
2021-10-03 19:01:34,5.741,2
2021-10-03 19:01:34,5.742,1
2021-10-03 19:01:34,5.744,1
2021-10-03 19:01:34,5.731,1
2021-10-03 19:01:34,5.735,1
2021-10-03 19:01:34,5.734,2
2021-10-03 19:01:38,5.737,1
2021-10-03 19:01:41,5.744,2
2021-10-03 19:01:54,5.742,1
2021-10-03 19:01:58,5.739,2
2021-10-03 19:01:59,5.74,1
2021-10-03 19:02:04,5.74,1
2021-10-03 19:02:10,5.74,1
2021-10-03 19:02:13,5.73,1
2021-10-03 19:02:14,5.74,1
2021-10-03 19:02:17,5.74,1
2021-10-03 19:02:30,5.734,1
2021-10-03 19:02:31,5.739,4
2021-10-03 19:02:31,5.738,1
2021-10-03 19:02:31,5.74,3
2021-10-03 19:02:31,5.741,1
2021-10-03 19:02:32,5.738,1
2021-10-03 19:02:33,5.741,2
2021-10-03 19:02:38,5.741,1
2021-10-03 19:02:44,5.74,1
2021-10-03 19:02:47,5.742,2
2021-10-03 19:02:51,5.741,1
2021-10-03 19:03:02,5.741,1
2021-10-03 19:03:02,5.742,2
2021-10-03 19:03:02,5.743,2
2021-10-03 19:03:02,5.741,1
2021-10-03 19:03:23,5.741,1
2021-10-03 19:03:23,5.742,2
2021-10-03 19:03:30,5.743,1
2021-10-03 19:03:43,5.743,1
2021-10-03 19:03:58,5.742,2
2021-10-03 19:04:01,5.742,1
2021-10-03 19:04:11,5.74,1
2021-10-03 19:04:25,5.739,4
2021-10-03 19:04:30,5.741,1
2021-10-03 19:04:35,5.738,5
2021-10-03 19:04:35,5.737,2
2021-10-03 19:04:35,5.736,2
2021-10-03 19:04:36,5.735,1
2021-10-03 19:04:36,5.734,2
2021-10-03 19:04:36,5.733,2
2021-10-03 19:04:36,5.732,2
2021-10-03 19:04:36,5.731,1
2021-10-03 19:04:36,5.73,42
2021-10-03 19:04:36,5.735,1
2021-10-03 19:04:36,5.732,2
2021-10-03 19:04:36,5.731,2
2021-10-03 19:04:43,5.731,1
2021-10-03 19:04:45,5.732,3
2021-10-03 19:04:45,5.731,2
2021-10-03 19:04:45,5.73,7
2021-10-03 19:04:59,5.736,1
2021-10-03 19:04:59,5.737,1
2021-10-03 19:04:59,5.738,2
2021-10-03 19:04:59,5.739,1
2021-10-03 19:04:59,5.74,2
2021-10-03 19:04:59,5.741,1
2021-10-03 19:05:16,5.731,1
2021-10-03 19:05:32,5.735,1
2021-10-03 19:05:32,5.734,1
2021-10-03 19:05:32,5.733,1
2021-10-03 19:05:32,5.732,2
2021-10-03 19:05:32,5.731,1
2021-10-03 19:05:32,5.73,4
2021-10-03 19:05:32,5.729,3
2021-10-03 19:05:36,5.727,6
2021-10-03 19:05:36,5.726,1
2021-10-03 19:05:36,5.725,1
2021-10-03 19:05:36,5.724,2
2021-10-03 19:05:36,5.723,10
2021-10-03 19:05:36,5.722,1
2021-10-03 19:05:36,5.721,4
2021-10-03 19:05:36,5.72,2
2021-10-03 19:05:36,5.719,3
2021-10-03 19:05:36,5.72,15
2021-10-03 19:05:36,5.719,1
2021-10-03 19:05:36,5.724,3
2021-10-03 19:07:02,5.729,3
2021-10-03 19:07:05,5.73,1
2021-10-03 19:07:06,5.729,1
2021-10-03 19:11:01,5.727,1
2021-10-03 19:11:04,5.732,1
2021-10-03 19:11:19,5.73,1
2021-10-03 19:11:27,5.732,2
2021-10-03 19:12:17,5.732,1
2021-10-03 19:13:00,5.728,1
2021-10-03 19:13:10,5.73,1
2021-10-03 19:13:10,5.729,3
2021-10-03 19:13:10,5.73,2
2021-10-03 19:13:54,5.732,2
2021-10-03 19:14:19,5.732,1
2021-10-03 19:14:34,5.73,1
2021-10-03 19:14:34,5.728,1
2021-10-03 19:14:34,5.727,1
2021-10-03 19:14:34,5.726,1
2021-10-03 19:14:44,5.725,3
2021-10-03 19:14:44,5.724,3
2021-10-03 19:14:44,5.723,3
2021-10-03 19:14:44,5.722,1
2021-10-03 19:14:44,5.721,2
2021-10-03 19:14:44,5.723,1
2021-10-03 19:14:44,5.722,2
2021-10-03 19:14:50,5.721,1
2021-10-03 19:14:50,5.72,1
2021-10-03 19:14:55,5.72,1
2021-10-03 19:15:03,5.721,3
2021-10-03 19:15:03,5.719,2
2021-10-03 19:15:03,5.723,1
2021-10-03 19:15:03,5.719,2
2021-10-03 19:15:03,5.718,1
2021-10-03 19:15:05,5.725,1
2021-10-03 19:15:20,5.726,1
2021-10-03 19:15:23,5.726,3
2021-10-03 19:16:20,5.727,1
2021-10-03 19:17:13,5.73,2
2021-10-03 19:17:17,5.731,1
2021-10-03 19:17:24,5.732,5
2021-10-03 19:17:32,5.733,1
2021-10-03 19:19:05,5.729,1
2021-10-03 19:19:24,5.73,2
2021-10-03 19:19:53,5.729,1
2021-10-03 19:19:53,5.728,3
2021-10-03 19:20:16,5.724,1
2021-10-03 19:20:16,5.723,1
2021-10-03 19:20:16,5.722,1
2021-10-03 19:20:16,5.72,1
2021-10-03 19:20:16,5.719,4
2021-10-03 19:20:31,5.722,1
2021-10-03 19:20:42,5.723,1
2021-10-03 19:20:56,5.723,3
2021-10-03 19:20:56,5.724,1
2021-10-03 19:21:54,5.727,1
2021-10-03 19:23:43,5.728,1
2021-10-03 19:25:34,5.726,1
2021-10-03 19:25:36,5.723,2
2021-10-03 19:25:50,5.722,4
2021-10-03 19:25:50,5.721,1
2021-10-03 19:26:11,5.718,2
2021-10-03 19:26:13,5.718,1
2021-10-03 19:26:28,5.718,1
2021-10-03 19:26:34,5.718,2
2021-10-03 19:26:34,5.717,2
2021-10-03 19:26:34,5.716,2
2021-10-03 19:26:34,5.715,1
2021-10-03 19:26:34,5.714,2
2021-10-03 19:26:34,5.718,2
2021-10-03 19:26:34,5.717,4
2021-10-03 19:26:34,5.716,1
2021-10-03 19:26:34,5.717,3
2021-10-03 19:26:34,5.716,1
2021-10-03 19:26:34,5.717,2
2021-10-03 19:26:34,5.718,2
2021-10-03 19:26:39,5.719,8
2021-10-03 19:26:40,5.717,2
2021-10-03 19:26:52,5.718,1
2021-10-03 19:26:52,5.715,1
2021-10-03 19:26:56,5.715,1
2021-10-03 19:27:02,5.719,1
2021-10-03 19:28:47,5.72,1
2021-10-03 19:28:56,5.72,2
2021-10-03 19:29:05,5.717,1
2021-10-03 19:29:19,5.719,1
2021-10-03 19:29:26,5.719,1
2021-10-03 19:29:40,5.72,1
2021-10-03 19:30:06,5.72,1
2021-10-03 19:30:11,5.719,1
2021-10-03 19:30:42,5.719,1
2021-10-03 19:30:48,5.717,2
2021-10-03 19:30:48,5.716,3
2021-10-03 19:30:52,5.717,2
2021-10-03 19:30:56,5.717,2
2021-10-03 19:31:03,5.715,5
2021-10-03 19:31:04,5.72,1
2021-10-03 19:31:04,5.716,1
2021-10-03 19:31:26,5.718,2
2021-10-03 19:33:53,5.717,1
2021-10-03 19:33:59,5.716,1
2021-10-03 19:34:29,5.716,1
2021-10-03 19:34:56,5.716,1
2021-10-03 19:35:35,5.716,1
2021-10-03 19:36:33,5.72,1
2021-10-03 19:36:51,5.72,1
2021-10-03 19:36:56,5.72,1
2021-10-03 19:36:57,5.721,2
2021-10-03 19:36:57,5.722,1
2021-10-03 19:37:17,5.722,1
2021-10-03 19:37:25,5.724,2
2021-10-03 19:37:25,5.725,2
2021-10-03 19:37:32,5.724,1
2021-10-03 19:37:39,5.725,1
2021-10-03 19:38:08,5.723,1
2021-10-03 19:38:19,5.723,3
2021-10-03 19:38:19,5.724,1
2021-10-03 19:38:23,5.725,1
2021-10-03 19:38:48,5.725,8
2021-10-03 19:38:56,5.728,1
2021-10-03 19:39:01,5.729,1
2021-10-03 19:39:01,5.731,2
2021-10-03 19:39:01,5.732,1
2021-10-03 19:39:02,5.728,1
2021-10-03 19:39:15,5.731,1
2021-10-03 19:39:31,5.729,1
2021-10-03 19:39:59,5.728,3
2021-10-03 19:40:25,5.731,2
2021-10-03 19:40:25,5.73,10
2021-10-03 19:41:05,5.73,1
2021-10-03 19:41:08,5.73,1
2021-10-03 19:41:26,5.731,2
2021-10-03 19:41:43,5.731,1
2021-10-03 19:41:54,5.731,1
2021-10-03 19:42:15,5.73,1
2021-10-03 19:42:15,5.731,1
2021-10-03 19:43:03,5.731,3
2021-10-03 19:43:08,5.732,1
2021-10-03 19:43:12,5.733,1
2021-10-03 19:43:13,5.73,1
2021-10-03 19:43:16,5.733,1
2021-10-03 19:44:03,5.73,1
2021-10-03 19:44:14,5.733,1
2021-10-03 19:44:22,5.733,8
2021-10-03 19:44:22,5.73,3
2021-10-03 19:45:00,5.735,1
2021-10-03 19:45:21,5.732,1
2021-10-03 19:45:25,5.729,2
2021-10-03 19:45:26,5.732,1
2021-10-03 19:45:27,5.732,2
2021-10-03 19:45:38,5.73,1
2021-10-03 19:45:45,5.731,1
2021-10-03 19:46:10,5.732,3
2021-10-03 19:46:10,5.733,3
2021-10-03 19:46:16,5.728,1
2021-10-03 19:46:28,5.728,1
2021-10-03 19:46:45,5.727,1
2021-10-03 19:47:49,5.727,1
2021-10-03 19:47:49,5.728,3
2021-10-03 19:47:59,5.729,1
2021-10-03 19:48:03,5.728,1
2021-10-03 19:48:31,5.727,2
2021-10-03 19:49:44,5.731,1
2021-10-03 19:50:59,5.727,1
2021-10-03 19:53:19,5.727,1
2021-10-03 19:53:36,5.728,1
2021-10-03 19:53:59,5.73,2
2021-10-03 19:54:00,5.73,1
2021-10-03 19:57:41,5.729,2
2021-10-03 19:57:43,5.729,1
2021-10-03 19:57:54,5.729,2
2021-10-03 19:58:03,5.731,1
2021-10-03 19:58:12,5.73,2
2021-10-03 19:58:25,5.73,1
2021-10-03 19:59:00,5.73,1
2021-10-03 19:59:21,5.73,1
2021-10-03 19:59:56,5.729,1
2021-10-03 20:00:00,5.729,1
2021-10-03 20:00:00,5.73,1
2021-10-03 20:00:03,5.729,1
2021-10-03 20:00:03,5.73,1
2021-10-03 20:00:23,5.732,2
2021-10-03 20:00:24,5.732,1
2021-10-03 20:00:39,5.734,2
2021-10-03 20:00:51,5.734,2
2021-10-03 20:01:07,5.73,1
2021-10-03 20:01:33,5.733,2
2021-10-03 20:01:33,5.734,5
2021-10-03 20:01:33,5.735,5
2021-10-03 20:01:33,5.736,3
2021-10-03 20:01:33,5.738,1
2021-10-03 20:01:33,5.739,2
2021-10-03 20:01:33,5.74,2
2021-10-03 20:01:33,5.741,2
2021-10-03 20:01:33,5.743,2
2021-10-03 20:01:41,5.74,1
2021-10-03 20:01:44,5.743,5
2021-10-03 20:01:51,5.745,1
2021-10-03 20:02:27,5.745,1
2021-10-03 20:02:42,5.745,1
2021-10-03 20:02:46,5.746,2
2021-10-03 20:02:46,5.747,1
2021-10-03 20:02:52,5.744,3
2021-10-03 20:03:00,5.743,2
2021-10-03 20:03:05,5.742,1
2021-10-03 20:03:08,5.741,1
2021-10-03 20:03:12,5.741,1
2021-10-03 20:03:14,5.741,1
2021-10-03 20:03:15,5.744,1
2021-10-03 20:03:16,5.743,1
2021-10-03 20:03:20,5.741,1
2021-10-03 20:03:36,5.741,2
2021-10-03 20:03:36,5.74,2
2021-10-03 20:03:36,5.739,1
2021-10-03 20:03:36,5.74,1
2021-10-03 20:03:36,5.739,1
2021-10-03 20:03:42,5.739,5
2021-10-03 20:03:53,5.739,1
2021-10-03 20:03:53,5.737,2
2021-10-03 20:04:00,5.738,1
2021-10-03 20:04:08,5.736,2
2021-10-03 20:04:21,5.736,1
2021-10-03 20:04:35,5.735,1
2021-10-03 20:04:57,5.73,5
2021-10-03 20:04:57,5.729,4
2021-10-03 20:04:57,5.728,1
2021-10-03 20:04:57,5.732,2
2021-10-03 20:04:57,5.735,3
2021-10-03 20:04:57,5.736,1
2021-10-03 20:05:02,5.736,1
2021-10-03 20:05:16,5.741,1
2021-10-03 20:05:30,5.743,1
2021-10-03 20:06:18,5.748,1
2021-10-03 20:06:18,5.75,11
2021-10-03 20:06:18,5.751,2
2021-10-03 20:06:18,5.752,2
2021-10-03 20:06:18,5.754,1
2021-10-03 20:06:18,5.755,2
2021-10-03 20:06:18,5.756,2
2021-10-03 20:06:18,5.757,3
2021-10-03 20:06:18,5.758,1
2021-10-03 20:06:18,5.759,1
2021-10-03 20:06:18,5.76,10
2021-10-03 20:06:18,5.761,1
2021-10-03 20:06:18,5.76,1
2021-10-03 20:06:18,5.756,1
2021-10-03 20:06:18,5.76,1
2021-10-03 20:06:18,5.759,1
2021-10-03 20:06:18,5.76,1
2021-10-03 20:06:18,5.755,1
2021-10-03 20:06:18,5.759,1
2021-10-03 20:06:18,5.76,1
2021-10-03 20:06:18,5.759,1
2021-10-03 20:06:18,5.758,1
2021-10-03 20:06:18,5.759,1
2021-10-03 20:06:18,5.76,1
2021-10-03 20:06:18,5.758,8
2021-10-03 20:06:21,5.761,1
2021-10-03 20:06:21,5.762,8
2021-10-03 20:06:21,5.76,7
2021-10-03 20:06:21,5.762,4
2021-10-03 20:06:21,5.76,8
2021-10-03 20:06:22,5.762,4
2021-10-03 20:06:22,5.759,1
2021-10-03 20:06:25,5.761,2
2021-10-03 20:06:29,5.76,1
2021-10-03 20:06:29,5.761,4
2021-10-03 20:06:33,5.761,1
2021-10-03 20:06:34,5.757,1
2021-10-03 20:06:34,5.761,2
2021-10-03 20:06:34,5.762,3
2021-10-03 20:06:38,5.758,1
2021-10-03 20:06:57,5.761,1
2021-10-03 20:06:57,5.762,2
2021-10-03 20:06:58,5.759,4
2021-10-03 20:06:58,5.758,3
2021-10-03 20:06:59,5.759,1
2021-10-03 20:07:00,5.759,1
2021-10-03 20:07:03,5.757,1
2021-10-03 20:07:03,5.756,2
2021-10-03 20:07:03,5.755,3
2021-10-03 20:07:03,5.752,2
2021-10-03 20:07:03,5.75,2
2021-10-03 20:07:03,5.757,1
2021-10-03 20:07:26,5.754,1
2021-10-03 20:07:26,5.753,1
2021-10-03 20:07:26,5.754,1
2021-10-03 20:07:26,5.753,1
2021-10-03 20:07:32,5.754,1
2021-10-03 20:07:32,5.755,1
2021-10-03 20:07:34,5.756,1
2021-10-03 20:07:35,5.756,4
2021-10-03 20:07:35,5.757,5
2021-10-03 20:07:35,5.761,11
2021-10-03 20:07:35,5.759,1
2021-10-03 20:07:35,5.762,2
2021-10-03 20:07:35,5.759,1
2021-10-03 20:07:44,5.761,1
2021-10-03 20:07:46,5.761,1
2021-10-03 20:07:47,5.758,4
2021-10-03 20:07:51,5.758,3
2021-10-03 20:07:52,5.759,1
2021-10-03 20:07:52,5.76,2
2021-10-03 20:07:57,5.761,1
2021-10-03 20:08:01,5.762,6
2021-10-03 20:08:01,5.761,8
2021-10-03 20:08:01,5.762,1
2021-10-03 20:08:01,5.763,4
2021-10-03 20:08:01,5.761,12
2021-10-03 20:08:01,5.76,1
2021-10-03 20:08:01,5.761,3
2021-10-03 20:08:01,5.76,1
2021-10-03 20:08:01,5.759,1
2021-10-03 20:08:01,5.757,1
2021-10-03 20:08:01,5.758,5
2021-10-03 20:08:03,5.757,1
2021-10-03 20:08:06,5.757,2
2021-10-03 20:08:12,5.758,1
2021-10-03 20:08:12,5.757,8
2021-10-03 20:08:21,5.755,3
2021-10-03 20:08:21,5.752,2
2021-10-03 20:08:26,5.752,1
2021-10-03 20:08:29,5.757,1
2021-10-03 20:08:40,5.754,4
2021-10-03 20:08:40,5.753,1
2021-10-03 20:08:40,5.752,1
2021-10-03 20:08:50,5.753,1
2021-10-03 20:08:59,5.754,1
2021-10-03 20:09:00,5.752,1
2021-10-03 20:09:02,5.75,2
2021-10-03 20:09:03,5.748,1
2021-10-03 20:09:03,5.747,1
2021-10-03 20:09:14,5.746,1
2021-10-03 20:09:19,5.743,1
2021-10-03 20:09:19,5.741,1
2021-10-03 20:09:19,5.74,2
2021-10-03 20:09:24,5.74,2
2021-10-03 20:09:25,5.738,1
2021-10-03 20:09:26,5.738,1
2021-10-03 20:09:31,5.742,1
2021-10-03 20:09:31,5.74,1
2021-10-03 20:09:33,5.74,1
2021-10-03 20:09:40,5.74,1
2021-10-03 20:09:42,5.743,2
2021-10-03 20:09:43,5.739,19
2021-10-03 20:09:43,5.738,2
2021-10-03 20:09:47,5.735,1
2021-10-03 20:10:07,5.739,1
2021-10-03 20:10:10,5.74,1
2021-10-03 20:10:13,5.74,1
2021-10-03 20:10:21,5.74,1
2021-10-03 20:10:32,5.743,1
2021-10-03 20:10:40,5.743,1
2021-10-03 20:10:41,5.744,1
2021-10-03 20:10:46,5.745,1
2021-10-03 20:10:50,5.746,1
2021-10-03 20:10:54,5.741,1
2021-10-03 20:11:26,5.741,1
2021-10-03 20:11:26,5.74,2
2021-10-03 20:11:34,5.742,3
2021-10-03 20:11:34,5.744,1
2021-10-03 20:11:34,5.745,2
2021-10-03 20:11:34,5.746,1
2021-10-03 20:11:34,5.747,2
2021-10-03 20:11:34,5.749,1
2021-10-03 20:11:34,5.743,1
2021-10-03 20:11:43,5.74,2
2021-10-03 20:11:50,5.742,3
2021-10-03 20:12:06,5.741,1
2021-10-03 20:12:11,5.739,7
2021-10-03 20:12:16,5.74,2
2021-10-03 20:12:16,5.741,1
2021-10-03 20:12:19,5.738,2
2021-10-03 20:12:27,5.738,1
2021-10-03 20:12:30,5.738,1
2021-10-03 20:12:31,5.739,3
2021-10-03 20:12:32,5.738,1
2021-10-03 20:12:38,5.738,1
2021-10-03 20:13:48,5.74,1
2021-10-03 20:14:07,5.745,1
2021-10-03 20:16:00,5.745,1
2021-10-03 20:16:13,5.745,1
2021-10-03 20:17:16,5.744,1
2021-10-03 20:18:05,5.745,1
2021-10-03 20:18:13,5.745,1
2021-10-03 20:18:28,5.744,2
2021-10-03 20:19:00,5.739,5
2021-10-03 20:19:11,5.74,1
2021-10-03 20:19:16,5.738,2
2021-10-03 20:19:26,5.741,1
2021-10-03 20:19:57,5.741,1
2021-10-03 20:20:09,5.741,1
2021-10-03 20:20:11,5.74,1
2021-10-03 20:20:43,5.738,2
2021-10-03 20:20:43,5.737,1
2021-10-03 20:20:43,5.736,3
2021-10-03 20:20:43,5.734,1
2021-10-03 20:20:47,5.734,2
2021-10-03 20:21:01,5.732,4
2021-10-03 20:21:05,5.732,2
2021-10-03 20:21:07,5.731,1
2021-10-03 20:21:10,5.732,1
2021-10-03 20:21:17,5.732,1
2021-10-03 20:21:21,5.734,1
2021-10-03 20:21:55,5.731,2
2021-10-03 20:21:57,5.73,1
2021-10-03 20:22:05,5.731,2
2021-10-03 20:22:22,5.73,5
2021-10-03 20:22:22,5.729,2
2021-10-03 20:22:22,5.728,4
2021-10-03 20:22:22,5.725,3
2021-10-03 20:22:22,5.724,9
2021-10-03 20:22:22,5.722,1
2021-10-03 20:22:22,5.72,3
2021-10-03 20:22:22,5.723,1
2021-10-03 20:22:22,5.722,1
2021-10-03 20:22:22,5.723,6
2021-10-03 20:22:22,5.724,2
2021-10-03 20:22:22,5.722,2
2021-10-03 20:22:22,5.719,3
2021-10-03 20:22:22,5.717,1
2021-10-03 20:22:22,5.716,1
2021-10-03 20:22:26,5.716,1
2021-10-03 20:22:26,5.721,1
2021-10-03 20:22:43,5.721,1
2021-10-03 20:22:43,5.722,1
2021-10-03 20:22:48,5.72,1
2021-10-03 20:23:02,5.72,1
2021-10-03 20:23:18,5.722,1
2021-10-03 20:23:18,5.723,1
2021-10-03 20:23:28,5.724,1
2021-10-03 20:23:28,5.725,8
2021-10-03 20:23:32,5.731,1
2021-10-03 20:23:40,5.731,1
2021-10-03 20:23:57,5.728,1
2021-10-03 20:23:59,5.73,1
2021-10-03 20:24:00,5.729,1
2021-10-03 20:24:00,5.73,1
2021-10-03 20:24:01,5.73,1
2021-10-03 20:24:45,5.73,1
2021-10-03 20:25:34,5.73,1
2021-10-03 20:26:11,5.731,1
2021-10-03 20:26:14,5.732,1
2021-10-03 20:26:28,5.732,1
2021-10-03 20:26:39,5.73,1
2021-10-03 20:26:39,5.729,2
2021-10-03 20:27:14,5.727,2
2021-10-03 20:27:14,5.726,2
2021-10-03 20:28:05,5.725,3
2021-10-03 20:28:06,5.726,1
2021-10-03 20:28:35,5.722,2
2021-10-03 20:28:36,5.72,2
2021-10-03 20:28:43,5.722,1
2021-10-03 20:28:55,5.722,5
2021-10-03 20:29:04,5.724,1
2021-10-03 20:29:37,5.724,1
2021-10-03 20:29:38,5.725,1
2021-10-03 20:29:43,5.725,1
2021-10-03 20:29:43,5.726,1
2021-10-03 20:29:48,5.725,3
2021-10-03 20:30:27,5.726,1
2021-10-03 20:30:29,5.727,1
2021-10-03 20:30:29,5.726,1
2021-10-03 20:30:47,5.725,2
2021-10-03 20:31:26,5.727,1
2021-10-03 20:31:43,5.724,1
2021-10-03 20:31:43,5.723,2
2021-10-03 20:31:43,5.721,1
2021-10-03 20:31:43,5.72,5
2021-10-03 20:31:43,5.719,4
2021-10-03 20:31:43,5.717,1
2021-10-03 20:31:43,5.716,2
2021-10-03 20:31:43,5.72,1
2021-10-03 20:32:01,5.718,1
2021-10-03 20:32:01,5.717,1
2021-10-03 20:32:01,5.718,1
2021-10-03 20:32:01,5.717,1
2021-10-03 20:32:03,5.721,3
2021-10-03 20:32:03,5.722,2
2021-10-03 20:32:03,5.723,2
2021-10-03 20:32:03,5.724,1
2021-10-03 20:32:03,5.725,1
2021-10-03 20:32:56,5.725,2
2021-10-03 20:33:40,5.727,1
2021-10-03 20:33:57,5.727,1
2021-10-03 20:34:07,5.727,1
2021-10-03 20:34:28,5.725,5
2021-10-03 20:34:28,5.724,1
2021-10-03 20:34:34,5.725,1
2021-10-03 20:34:34,5.724,7
2021-10-03 20:34:34,5.723,1
2021-10-03 20:34:49,5.724,1
2021-10-03 20:35:26,5.724,2
2021-10-03 20:35:30,5.724,1
2021-10-03 20:35:34,5.725,1
2021-10-03 20:35:52,5.722,1
2021-10-03 20:36:05,5.722,1
2021-10-03 20:36:29,5.725,3
2021-10-03 20:36:35,5.723,1
2021-10-03 20:38:08,5.725,1
2021-10-03 20:38:08,5.722,1
2021-10-03 20:39:03,5.722,1
2021-10-03 20:39:56,5.722,1
2021-10-03 20:40:08,5.724,1
2021-10-03 20:40:14,5.724,1
2021-10-03 20:40:40,5.722,1
2021-10-03 20:41:11,5.725,2
2021-10-03 20:41:49,5.723,4
2021-10-03 20:41:55,5.724,1
2021-10-03 20:42:04,5.722,1
2021-10-03 20:43:22,5.724,1
2021-10-03 20:43:25,5.722,1
2021-10-03 20:43:26,5.721,1
2021-10-03 20:43:59,5.721,1
2021-10-03 20:44:46,5.721,3
2021-10-03 20:44:46,5.72,2
2021-10-03 20:44:48,5.719,1
2021-10-03 20:44:59,5.719,2
2021-10-03 20:45:08,5.721,1
2021-10-03 20:45:08,5.722,1
2021-10-03 20:45:29,5.718,1
2021-10-03 20:45:48,5.72,1
2021-10-03 20:45:58,5.72,1
2021-10-03 20:48:39,5.718,1
2021-10-03 20:48:41,5.719,1
2021-10-03 20:48:41,5.72,1
2021-10-03 20:48:41,5.722,1
2021-10-03 20:49:00,5.72,1
2021-10-03 20:49:26,5.719,1
2021-10-03 20:49:37,5.719,1
2021-10-03 20:49:47,5.723,1
2021-10-03 20:49:48,5.724,2
2021-10-03 20:50:03,5.724,1
2021-10-03 20:50:42,5.721,1
2021-10-03 20:51:28,5.721,2
2021-10-03 20:51:43,5.723,1
2021-10-03 20:52:02,5.722,1
2021-10-03 20:52:28,5.724,1
2021-10-03 20:52:39,5.726,1
2021-10-03 20:52:40,5.723,3
2021-10-03 20:52:40,5.722,1
2021-10-03 20:53:16,5.722,1
2021-10-03 20:53:37,5.722,1
2021-10-03 20:53:41,5.721,1
2021-10-03 20:53:41,5.72,1
2021-10-03 20:53:47,5.72,1
2021-10-03 20:53:53,5.723,2
2021-10-03 20:53:54,5.726,1
2021-10-03 20:54:00,5.721,1
2021-10-03 20:54:39,5.723,1
2021-10-03 20:54:50,5.725,1
2021-10-03 20:54:52,5.726,1
2021-10-03 20:55:14,5.723,1
2021-10-03 20:55:15,5.722,2
2021-10-03 20:55:20,5.722,2
2021-10-03 20:55:20,5.72,8
2021-10-03 20:55:31,5.726,1
2021-10-03 20:55:45,5.726,1
2021-10-03 20:56:20,5.726,1
2021-10-03 20:56:51,5.721,5
2021-10-03 20:56:54,5.721,1
2021-10-03 20:57:13,5.722,1
2021-10-03 20:58:53,5.724,1
2021-10-03 20:59:00,5.722,1
2021-10-03 21:00:28,5.722,2
2021-10-03 21:00:28,5.721,4
2021-10-03 21:00:28,5.72,13
2021-10-03 21:00:28,5.719,1
2021-10-03 21:00:28,5.72,2
2021-10-03 21:00:29,5.718,1
2021-10-03 21:00:29,5.717,2
2021-10-03 21:00:38,5.719,1
2021-10-03 21:00:38,5.72,1
2021-10-03 21:01:23,5.72,1
2021-10-03 21:01:26,5.72,1
2021-10-03 21:01:52,5.722,6
2021-10-03 21:01:52,5.723,1
2021-10-03 21:01:52,5.724,1
2021-10-03 21:01:52,5.725,2
2021-10-03 21:01:52,5.727,3
2021-10-03 21:01:52,5.728,2
2021-10-03 21:01:52,5.723,2
2021-10-03 21:01:52,5.729,2
2021-10-03 21:01:52,5.73,1
2021-10-03 21:01:52,5.732,2
2021-10-03 21:01:52,5.734,3
2021-10-03 21:01:52,5.733,1
2021-10-03 21:01:52,5.732,1
2021-10-03 21:01:52,5.729,1
2021-10-03 21:01:53,5.727,1
2021-10-03 21:01:55,5.732,3
2021-10-03 21:01:55,5.733,2
2021-10-03 21:01:55,5.734,2
2021-10-03 21:01:55,5.735,2
2021-10-03 21:01:55,5.736,2
2021-10-03 21:01:55,5.734,8
2021-10-03 21:01:55,5.736,2
2021-10-03 21:01:55,5.737,3
2021-10-03 21:01:55,5.736,1
2021-10-03 21:01:55,5.735,1
2021-10-03 21:01:55,5.734,1
2021-10-03 21:01:55,5.739,1
2021-10-03 21:01:55,5.738,5
2021-10-03 21:01:55,5.739,1
2021-10-03 21:02:00,5.739,3
2021-10-03 21:02:00,5.738,1
2021-10-03 21:02:00,5.735,2
2021-10-03 21:02:00,5.736,1
2021-10-03 21:02:01,5.736,1
2021-10-03 21:02:01,5.734,1
2021-10-03 21:02:01,5.737,1
2021-10-03 21:02:01,5.738,1
2021-10-03 21:02:01,5.736,1
2021-10-03 21:02:02,5.735,2
2021-10-03 21:02:06,5.735,1
2021-10-03 21:02:29,5.733,1
2021-10-03 21:02:42,5.733,1
2021-10-03 21:04:00,5.728,1
2021-10-03 21:04:01,5.73,1
2021-10-03 21:05:44,5.729,1
2021-10-03 21:05:48,5.73,1
2021-10-03 21:06:17,5.729,1
2021-10-03 21:06:30,5.728,2
2021-10-03 21:06:31,5.727,2
2021-10-03 21:06:31,5.726,1
2021-10-03 21:06:31,5.725,1
2021-10-03 21:06:33,5.725,1
2021-10-03 21:06:36,5.724,1
2021-10-03 21:07:04,5.722,2
2021-10-03 21:07:04,5.721,2
2021-10-03 21:07:04,5.72,2
2021-10-03 21:07:14,5.722,1
2021-10-03 21:07:32,5.727,1
2021-10-03 21:07:32,5.725,1
2021-10-03 21:07:36,5.725,2
2021-10-03 21:07:36,5.724,1
2021-10-03 21:07:36,5.723,1
2021-10-03 21:07:36,5.722,1
2021-10-03 21:07:48,5.722,1
2021-10-03 21:08:06,5.722,1
2021-10-03 21:08:52,5.724,1
2021-10-03 21:08:52,5.723,1
2021-10-03 21:08:52,5.724,1
2021-10-03 21:09:00,5.722,1
2021-10-03 21:09:00,5.723,1
2021-10-03 21:09:00,5.721,1
2021-10-03 21:09:02,5.721,1
2021-10-03 21:09:04,5.72,2
2021-10-03 21:09:16,5.724,2
2021-10-03 21:09:50,5.73,1
2021-10-03 21:10:19,5.73,3
2021-10-03 21:10:19,5.729,2
2021-10-03 21:11:02,5.729,1
2021-10-03 21:11:37,5.727,2
2021-10-03 21:12:04,5.729,2
2021-10-03 21:12:15,5.725,2
2021-10-03 21:12:15,5.723,1
2021-10-03 21:12:23,5.727,1
2021-10-03 21:12:29,5.724,2
2021-10-03 21:12:34,5.727,2
2021-10-03 21:12:49,5.726,1
2021-10-03 21:12:51,5.722,1
2021-10-03 21:13:15,5.724,1
2021-10-03 21:14:17,5.723,2
2021-10-03 21:14:17,5.724,3
2021-10-03 21:15:36,5.724,1
2021-10-03 21:17:11,5.727,1
2021-10-03 21:18:23,5.728,1
2021-10-03 21:18:23,5.731,1
2021-10-03 21:18:26,5.731,1
2021-10-03 21:18:30,5.73,1
2021-10-03 21:18:30,5.731,1
2021-10-03 21:18:30,5.732,3
2021-10-03 21:18:30,5.733,1
2021-10-03 21:18:30,5.734,1
2021-10-03 21:18:31,5.732,1
2021-10-03 21:18:37,5.735,2
2021-10-03 21:18:37,5.736,2
2021-10-03 21:18:37,5.732,1
2021-10-03 21:18:47,5.733,1
2021-10-03 21:18:51,5.73,3
2021-10-03 21:19:00,5.729,1
2021-10-03 21:19:23,5.726,1
2021-10-03 21:20:24,5.726,1
2021-10-03 21:20:33,5.727,1
2021-10-03 21:20:57,5.726,1
2021-10-03 21:21:14,5.727,1
2021-10-03 21:21:14,5.726,4
2021-10-03 21:21:52,5.73,1
2021-10-03 21:21:53,5.73,1
2021-10-03 21:21:54,5.73,3
2021-10-03 21:23:25,5.73,4
2021-10-03 21:23:25,5.731,1
2021-10-03 21:23:25,5.732,1
2021-10-03 21:23:25,5.733,2
2021-10-03 21:23:25,5.735,2
2021-10-03 21:23:37,5.735,1
2021-10-03 21:23:54,5.73,2
2021-10-03 21:23:55,5.735,2
2021-10-03 21:24:00,5.732,1
2021-10-03 21:24:12,5.732,1
2021-10-03 21:25:37,5.735,3
2021-10-03 21:25:37,5.736,1
2021-10-03 21:25:39,5.74,2
2021-10-03 21:26:21,5.739,2
2021-10-03 21:26:25,5.739,10
2021-10-03 21:26:25,5.74,1
2021-10-03 21:26:27,5.741,3
2021-10-03 21:26:51,5.739,1
2021-10-03 21:26:52,5.738,3
2021-10-03 21:27:07,5.739,1
2021-10-03 21:27:13,5.736,1
2021-10-03 21:28:09,5.738,3
2021-10-03 21:28:09,5.739,1
2021-10-03 21:28:09,5.74,1
2021-10-03 21:28:27,5.74,1
2021-10-03 21:28:51,5.741,1
2021-10-03 21:29:10,5.741,2
2021-10-03 21:29:10,5.743,9
2021-10-03 21:29:17,5.745,2
2021-10-03 21:29:17,5.74,1
2021-10-03 21:29:29,5.74,3
2021-10-03 21:29:34,5.743,2
2021-10-03 21:29:51,5.743,1
2021-10-03 21:29:52,5.743,2
2021-10-03 21:30:47,5.739,2
2021-10-03 21:31:05,5.739,1
2021-10-03 21:31:15,5.742,1
2021-10-03 21:31:44,5.742,4
2021-10-03 21:31:44,5.74,1
2021-10-03 21:32:19,5.74,1
2021-10-03 21:32:25,5.737,1
2021-10-03 21:32:48,5.736,1
2021-10-03 21:32:51,5.736,1
2021-10-03 21:33:00,5.737,1
2021-10-03 21:33:46,5.737,3
2021-10-03 21:34:00,5.735,1
2021-10-03 21:34:33,5.735,1
2021-10-03 21:34:49,5.735,1
2021-10-03 21:34:51,5.735,1
2021-10-03 21:36:18,5.737,2
2021-10-03 21:36:26,5.739,3
2021-10-03 21:36:48,5.737,1
2021-10-03 21:36:49,5.735,1
2021-10-03 21:36:49,5.734,1
2021-10-03 21:37:06,5.734,2
2021-10-03 21:39:01,5.729,1
2021-10-03 21:39:11,5.728,1
2021-10-03 21:39:22,5.728,2
2021-10-03 21:39:26,5.731,10
2021-10-03 21:39:26,5.732,1
2021-10-03 21:39:26,5.731,1
2021-10-03 21:39:36,5.731,1
2021-10-03 21:39:38,5.727,1
2021-10-03 21:39:56,5.731,1
2021-10-03 21:39:59,5.731,3
2021-10-03 21:40:10,5.73,2
2021-10-03 21:40:13,5.73,2
2021-10-03 21:41:37,5.73,2
2021-10-03 21:42:15,5.729,1
2021-10-03 21:42:29,5.733,1
2021-10-03 21:43:11,5.733,1
2021-10-03 21:43:11,5.735,1
2021-10-03 21:43:40,5.741,1
2021-10-03 21:43:44,5.741,2
2021-10-03 21:43:48,5.74,2
2021-10-03 21:43:48,5.738,1
2021-10-03 21:43:48,5.737,1
2021-10-03 21:44:19,5.738,1
2021-10-03 21:44:23,5.738,2
2021-10-03 21:44:51,5.738,1
2021-10-03 21:45:09,5.737,3
2021-10-03 21:45:32,5.736,1
2021-10-03 21:45:32,5.734,1
2021-10-03 21:45:32,5.733,2
2021-10-03 21:45:35,5.734,1
2021-10-03 21:45:45,5.738,1
2021-10-03 21:45:51,5.738,3
2021-10-03 21:46:13,5.736,1
2021-10-03 21:46:27,5.737,1
2021-10-03 21:49:00,5.735,1
2021-10-03 21:49:02,5.734,1
2021-10-03 21:50:00,5.733,3
2021-10-03 21:50:26,5.73,1
2021-10-03 21:50:37,5.731,1
2021-10-03 21:50:38,5.729,1
2021-10-03 21:50:50,5.728,1
2021-10-03 21:50:50,5.727,1
2021-10-03 21:50:50,5.728,1
2021-10-03 21:50:53,5.726,3
2021-10-03 21:50:58,5.725,1
2021-10-03 21:50:58,5.726,1
2021-10-03 21:50:59,5.725,1
2021-10-03 21:51:03,5.725,1
2021-10-03 21:51:25,5.726,1
2021-10-03 21:51:25,5.725,2
2021-10-03 21:51:25,5.726,1
2021-10-03 21:51:31,5.726,2
2021-10-03 21:51:39,5.726,1
2021-10-03 21:52:14,5.726,2
2021-10-03 21:53:27,5.725,1
2021-10-03 21:53:31,5.727,1
2021-10-03 21:53:32,5.727,1
2021-10-03 21:53:40,5.725,1
2021-10-03 21:54:14,5.729,1
2021-10-03 21:54:39,5.729,1
2021-10-03 21:55:05,5.727,1
2021-10-03 21:55:35,5.726,1
2021-10-03 21:56:00,5.729,2
2021-10-03 21:56:00,5.73,2
2021-10-03 21:56:00,5.731,1
2021-10-03 21:56:00,5.732,1
2021-10-03 21:56:10,5.73,2
2021-10-03 21:56:45,5.73,1
2021-10-03 21:56:49,5.73,2
2021-10-03 21:56:53,5.73,2
2021-10-03 21:57:37,5.732,1
2021-10-03 21:58:02,5.732,1
2021-10-03 21:58:31,5.731,1
2021-10-03 21:58:41,5.734,1
2021-10-03 21:58:50,5.73,1
2021-10-03 21:59:52,5.73,1
2021-10-03 21:59:54,5.734,3
2021-10-03 22:00:04,5.73,3
2021-10-03 22:00:09,5.73,3
2021-10-03 22:00:10,5.73,3
2021-10-03 22:00:26,5.73,1
2021-10-03 22:00:48,5.73,2
2021-10-03 22:00:48,5.731,3
2021-10-03 22:00:48,5.734,2
2021-10-03 22:00:48,5.733,1
2021-10-03 22:02:09,5.73,4
2021-10-03 22:02:15,5.73,2
2021-10-03 22:02:21,5.73,1
2021-10-03 22:02:29,5.73,2
2021-10-03 22:02:33,5.73,2
2021-10-03 22:02:34,5.731,5
2021-10-03 22:03:43,5.729,2
2021-10-03 22:04:00,5.73,1
2021-10-03 22:04:15,5.732,2
2021-10-03 22:04:15,5.733,1
2021-10-03 22:04:22,5.735,5
2021-10-03 22:04:22,5.736,2
2021-10-03 22:04:22,5.737,1
2021-10-03 22:04:46,5.736,1
2021-10-03 22:05:31,5.736,2
2021-10-03 22:05:38,5.735,7
2021-10-03 22:05:48,5.735,6
2021-10-03 22:06:22,5.735,1
2021-10-03 22:07:41,5.735,1
2021-10-03 22:08:00,5.735,4
2021-10-03 22:08:03,5.735,3
2021-10-03 22:08:06,5.735,5
2021-10-03 22:08:08,5.735,2
2021-10-03 22:09:13,5.736,2
2021-10-03 22:10:11,5.735,4
2021-10-03 22:10:18,5.735,5
2021-10-03 22:10:18,5.734,1
2021-10-03 22:10:20,5.736,1
2021-10-03 22:10:20,5.735,5
2021-10-03 22:10:22,5.735,2
2021-10-03 22:10:22,5.736,1
2021-10-03 22:10:22,5.735,1
2021-10-03 22:10:31,5.735,2
2021-10-03 22:10:42,5.735,1
2021-10-03 22:10:44,5.735,1
2021-10-03 22:11:13,5.735,1
2021-10-03 22:11:14,5.735,3
2021-10-03 22:11:22,5.734,1
2021-10-03 22:11:50,5.734,5
2021-10-03 22:11:57,5.733,2
2021-10-03 22:12:03,5.732,3
2021-10-03 22:12:09,5.731,1
2021-10-03 22:12:25,5.73,3
2021-10-03 22:12:55,5.73,1
2021-10-03 22:13:01,5.73,1
2021-10-03 22:15:00,5.732,1
2021-10-03 22:15:00,5.73,3
2021-10-03 22:16:09,5.73,2
2021-10-03 22:16:09,5.729,1
2021-10-03 22:16:09,5.728,1
2021-10-03 22:16:09,5.729,6
2021-10-03 22:16:10,5.732,1
2021-10-03 22:17:13,5.73,8
2021-10-03 22:17:35,5.73,2
2021-10-03 22:18:24,5.73,4
2021-10-03 22:19:52,5.73,3
2021-10-03 22:20:46,5.729,1
2021-10-03 22:20:46,5.73,4
2021-10-03 22:24:13,5.73,1
2021-10-03 22:25:02,5.73,1
2021-10-03 22:25:02,5.729,1
2021-10-03 22:26:42,5.732,3
2021-10-03 22:28:14,5.732,2
2021-10-03 22:29:07,5.732,1
2021-10-03 22:29:20,5.732,1
2021-10-03 22:29:20,5.733,5
2021-10-03 22:29:20,5.736,1
2021-10-03 22:29:20,5.735,1
2021-10-03 22:29:21,5.736,3
2021-10-03 22:29:31,5.736,1
2021-10-03 22:29:35,5.736,3
2021-10-03 22:30:30,5.732,1
2021-10-03 22:31:32,5.733,1
2021-10-03 22:31:32,5.732,1
2021-10-03 22:33:42,5.736,1
2021-10-03 22:33:53,5.734,1
2021-10-03 22:35:45,5.734,1
2021-10-03 22:35:45,5.732,1
2021-10-03 22:38:17,5.732,1
2021-10-03 22:39:35,5.734,1
2021-10-03 22:39:35,5.735,3
2021-10-03 22:39:50,5.736,2
2021-10-03 22:40:04,5.736,1
2021-10-03 22:40:11,5.738,1
2021-10-03 22:40:29,5.738,1
2021-10-03 22:40:42,5.735,1
2021-10-03 22:40:45,5.738,1
2021-10-03 22:41:02,5.738,1
2021-10-03 22:41:27,5.736,3
2021-10-03 22:42:05,5.739,1
2021-10-03 22:42:17,5.737,1
2021-10-03 22:42:30,5.735,2
2021-10-03 22:42:58,5.739,1
2021-10-03 22:43:11,5.735,2
2021-10-03 22:48:16,5.739,1
2021-10-03 22:48:44,5.739,2
2021-10-03 22:49:31,5.739,1
2021-10-03 22:49:52,5.739,2
2021-10-03 22:50:30,5.74,9
2021-10-03 22:50:47,5.74,1
2021-10-03 22:51:07,5.74,16
2021-10-03 22:51:10,5.743,1
2021-10-03 22:51:10,5.745,4
2021-10-03 22:51:10,5.746,2
2021-10-03 22:51:10,5.749,2
2021-10-03 22:51:10,5.75,4
2021-10-03 22:51:10,5.747,2
2021-10-03 22:51:10,5.743,1
2021-10-03 22:51:10,5.745,4
2021-10-03 22:51:10,5.746,2
2021-10-03 22:51:10,5.749,2
2021-10-03 22:51:10,5.75,4
2021-10-03 22:51:10,5.747,2
2021-10-03 22:51:11,5.749,1
2021-10-03 22:51:11,5.75,3
2021-10-03 22:51:11,5.748,1
2021-10-03 22:51:12,5.75,1
2021-10-03 22:51:13,5.747,1
2021-10-03 22:51:25,5.747,1
2021-10-03 22:51:25,5.746,3
2021-10-03 22:51:25,5.747,1
2021-10-03 22:51:39,5.747,1
2021-10-03 22:51:39,5.748,1
2021-10-03 22:51:40,5.748,2
2021-10-03 22:51:41,5.749,1
2021-10-03 22:51:41,5.75,2
2021-10-03 22:51:44,5.749,1
2021-10-03 22:51:45,5.75,5
2021-10-03 22:51:47,5.751,4
2021-10-03 22:51:47,5.752,2
2021-10-03 22:51:47,5.751,1
2021-10-03 22:51:50,5.75,1
2021-10-03 22:51:51,5.753,3
2021-10-03 22:51:57,5.755,5
2021-10-03 22:51:57,5.751,1
2021-10-03 22:51:58,5.751,2
2021-10-03 22:51:59,5.753,1
2021-10-03 22:52:00,5.75,3
2021-10-03 22:52:00,5.749,1
2021-10-03 22:52:00,5.75,1
2021-10-03 22:52:01,5.748,1
2021-10-03 22:52:01,5.747,1
2021-10-03 22:52:01,5.748,1
2021-10-03 22:52:08,5.747,1
2021-10-03 22:52:09,5.746,2
2021-10-03 22:52:10,5.746,1
2021-10-03 22:52:16,5.748,2
2021-10-03 22:53:06,5.747,1
2021-10-03 22:53:19,5.745,3
2021-10-03 22:53:35,5.747,1
2021-10-03 22:53:38,5.747,2
2021-10-03 22:53:54,5.749,6
2021-10-03 22:53:57,5.749,1
2021-10-03 22:54:00,5.749,2
2021-10-03 22:54:08,5.749,1
2021-10-03 22:54:15,5.75,2
2021-10-03 22:54:16,5.75,1
2021-10-03 22:54:16,5.751,2
2021-10-03 22:54:21,5.752,3
2021-10-03 22:54:22,5.752,1
2021-10-03 22:54:24,5.755,2
2021-10-03 22:54:29,5.755,4
2021-10-03 22:54:29,5.756,2
2021-10-03 22:54:29,5.755,1
2021-10-03 22:54:30,5.757,2
2021-10-03 22:54:30,5.758,4
2021-10-03 22:54:30,5.76,3
2021-10-03 22:54:30,5.761,2
2021-10-03 22:54:30,5.755,1
2021-10-03 22:54:31,5.758,1
2021-10-03 22:54:31,5.761,4
2021-10-03 22:54:31,5.755,2
2021-10-03 22:54:31,5.756,1
2021-10-03 22:54:31,5.76,3
2021-10-03 22:54:31,5.761,7
2021-10-03 22:54:32,5.757,2
2021-10-03 22:54:32,5.756,1
2021-10-03 22:54:32,5.755,1
2021-10-03 22:54:32,5.759,1
2021-10-03 22:54:35,5.753,1
2021-10-03 22:54:38,5.756,1
2021-10-03 22:54:46,5.756,1
2021-10-03 22:55:02,5.752,2
2021-10-03 22:55:13,5.752,1
2021-10-03 22:55:13,5.751,3
2021-10-03 22:55:16,5.751,1
2021-10-03 22:55:16,5.755,1
2021-10-03 22:55:17,5.751,1
2021-10-03 22:55:17,5.75,2
2021-10-03 22:55:23,5.75,2
2021-10-03 22:55:25,5.75,1
2021-10-03 22:55:25,5.749,2
2021-10-03 22:55:25,5.75,1
2021-10-03 22:55:26,5.748,1
2021-10-03 22:55:46,5.748,1
2021-10-03 22:55:49,5.747,1
2021-10-03 22:55:58,5.75,5
2021-10-03 22:56:06,5.753,1
2021-10-03 22:56:21,5.753,1
2021-10-03 22:56:41,5.75,1
2021-10-03 22:57:52,5.747,1
2021-10-03 22:57:52,5.746,2
2021-10-03 22:57:53,5.746,1
2021-10-03 22:57:56,5.747,1
2021-10-03 22:58:03,5.746,4
2021-10-03 22:58:09,5.748,1
2021-10-03 22:58:21,5.747,1
2021-10-03 22:58:22,5.748,2
2021-10-03 22:58:55,5.748,1
2021-10-03 22:59:01,5.748,1
2021-10-03 22:59:03,5.75,1
2021-10-03 23:00:08,5.748,1
2021-10-03 23:00:14,5.749,1
2021-10-03 23:00:14,5.75,1
2021-10-03 23:00:26,5.75,1
2021-10-03 23:01:16,5.75,2
2021-10-03 23:01:19,5.749,1
2021-10-03 23:01:23,5.748,1
2021-10-03 23:01:26,5.748,1
2021-10-03 23:01:45,5.751,3
2021-10-03 23:02:34,5.748,2
2021-10-03 23:02:34,5.749,1
2021-10-03 23:02:44,5.75,3
2021-10-03 23:02:52,5.75,1
2021-10-03 23:02:55,5.749,4
2021-10-03 23:03:40,5.75,1
2021-10-03 23:03:58,5.75,1
2021-10-03 23:04:12,5.748,1
2021-10-03 23:05:22,5.746,1
2021-10-03 23:05:28,5.744,1
2021-10-03 23:05:28,5.742,2
2021-10-03 23:05:28,5.741,2
2021-10-03 23:05:57,5.741,1
2021-10-03 23:06:25,5.741,1
2021-10-03 23:06:27,5.741,1
2021-10-03 23:06:33,5.745,3
2021-10-03 23:06:45,5.741,1
2021-10-03 23:06:53,5.743,1
2021-10-03 23:06:53,5.745,1
2021-10-03 23:08:25,5.745,6
2021-10-03 23:08:31,5.746,1
2021-10-03 23:09:38,5.745,1
2021-10-03 23:10:26,5.745,1
2021-10-03 23:10:26,5.744,2
2021-10-03 23:11:54,5.745,1
2021-10-03 23:12:42,5.744,1
2021-10-03 23:13:13,5.743,1
2021-10-03 23:13:27,5.742,1
2021-10-03 23:13:43,5.745,1
2021-10-03 23:16:10,5.742,1
2021-10-03 23:16:11,5.745,1
2021-10-03 23:16:18,5.742,2
2021-10-03 23:16:27,5.743,2
2021-10-03 23:16:30,5.745,1
2021-10-03 23:16:40,5.741,2
2021-10-03 23:17:06,5.74,7
2021-10-03 23:17:56,5.739,2
2021-10-03 23:17:59,5.738,1
2021-10-03 23:17:59,5.737,3
2021-10-03 23:17:59,5.736,1
2021-10-03 23:17:59,5.735,1
2021-10-03 23:17:59,5.734,4
2021-10-03 23:17:59,5.733,9
2021-10-03 23:17:59,5.732,2
2021-10-03 23:17:59,5.731,1
2021-10-03 23:17:59,5.729,2
2021-10-03 23:17:59,5.728,1
2021-10-03 23:17:59,5.732,1
2021-10-03 23:17:59,5.73,1
2021-10-03 23:17:59,5.729,2
2021-10-03 23:17:59,5.732,1
2021-10-03 23:17:59,5.733,2
2021-10-03 23:17:59,5.729,1
2021-10-03 23:17:59,5.73,2
2021-10-03 23:17:59,5.732,1
2021-10-03 23:17:59,5.729,1
2021-10-03 23:18:09,5.729,1
2021-10-03 23:18:12,5.734,1
2021-10-03 23:18:12,5.733,1
2021-10-03 23:18:12,5.734,2
2021-10-03 23:18:12,5.735,1
2021-10-03 23:18:14,5.736,1
2021-10-03 23:18:19,5.736,1
2021-10-03 23:18:23,5.736,1
2021-10-03 23:18:24,5.735,1
2021-10-03 23:18:30,5.735,1
2021-10-03 23:18:30,5.736,3
2021-10-03 23:18:34,5.739,1
2021-10-03 23:18:42,5.738,1
2021-10-03 23:18:43,5.737,1
2021-10-03 23:18:46,5.737,1
2021-10-03 23:18:46,5.739,1
2021-10-03 23:19:08,5.736,2
2021-10-03 23:19:18,5.736,1
2021-10-03 23:19:32,5.735,1
2021-10-03 23:19:37,5.735,2
2021-10-03 23:19:50,5.738,1
2021-10-03 23:19:52,5.734,2
2021-10-03 23:19:54,5.734,1
2021-10-03 23:19:54,5.733,1
2021-10-03 23:20:10,5.733,1
2021-10-03 23:21:36,5.736,1
2021-10-03 23:21:39,5.734,1
2021-10-03 23:21:59,5.734,2
2021-10-03 23:22:44,5.734,1
2021-10-03 23:22:44,5.735,3
2021-10-03 23:23:14,5.735,1
2021-10-03 23:23:25,5.735,1
2021-10-03 23:25:54,5.733,4
2021-10-03 23:27:38,5.733,4
2021-10-03 23:28:32,5.733,1
2021-10-03 23:29:24,5.732,2
2021-10-03 23:29:29,5.733,1
2021-10-03 23:30:19,5.732,1
2021-10-03 23:30:38,5.732,1
2021-10-03 23:31:24,5.732,3
2021-10-03 23:32:03,5.732,1
2021-10-03 23:32:03,5.733,5
2021-10-03 23:32:03,5.734,1
2021-10-03 23:32:31,5.732,1
2021-10-03 23:33:05,5.733,1
2021-10-03 23:33:05,5.734,3
2021-10-03 23:33:13,5.733,1
2021-10-03 23:33:20,5.737,1
2021-10-03 23:33:34,5.737,1
2021-10-03 23:33:44,5.737,1
2021-10-03 23:34:06,5.737,1
2021-10-03 23:36:42,5.737,2
2021-10-03 23:37:40,5.737,1
2021-10-03 23:37:59,5.734,1
2021-10-03 23:39:00,5.737,1
2021-10-03 23:40:24,5.736,1
2021-10-03 23:40:48,5.737,1
2021-10-03 23:41:21,5.737,1
2021-10-03 23:41:35,5.737,1
2021-10-03 23:41:58,5.734,2
2021-10-03 23:42:44,5.737,11
2021-10-03 23:42:44,5.735,1
2021-10-03 23:43:17,5.737,11
2021-10-03 23:43:17,5.738,2
2021-10-03 23:43:17,5.739,2
2021-10-03 23:43:17,5.738,1
2021-10-03 23:44:00,5.74,1
2021-10-03 23:44:01,5.74,3
2021-10-03 23:44:01,5.741,3
2021-10-03 23:44:01,5.742,2
2021-10-03 23:44:01,5.743,2
2021-10-03 23:44:03,5.741,10
2021-10-03 23:44:08,5.741,1
2021-10-03 23:44:39,5.743,1
2021-10-03 23:44:44,5.74,7
2021-10-03 23:45:01,5.738,2
2021-10-03 23:45:04,5.737,2
2021-10-03 23:49:30,5.739,1
2021-10-03 23:51:51,5.74,3
2021-10-03 23:51:51,5.741,1
2021-10-03 23:51:51,5.74,8
2021-10-03 23:52:05,5.741,1
2021-10-03 23:52:40,5.741,1
2021-10-03 23:53:03,5.742,5
2021-10-03 23:53:08,5.742,2
2021-10-03 23:53:08,5.741,1
2021-10-03 23:53:15,5.741,2
2021-10-03 23:53:15,5.74,2
2021-10-03 23:53:15,5.741,2
2021-10-03 23:53:59,5.739,1
2021-10-03 23:54:00,5.74,5
2021-10-03 23:55:23,5.738,2
2021-10-03 23:55:46,5.738,1
2021-10-03 23:56:01,5.738,3
2021-10-03 23:56:51,5.737,3
2021-10-03 23:56:58,5.739,1
2021-10-03 23:57:00,5.737,1
2021-10-03 23:57:32,5.738,1
2021-10-03 23:57:36,5.738,1
2021-10-03 23:57:54,5.737,5
2021-10-03 23:57:54,5.738,4
2021-10-03 23:57:54,5.74,1
2021-10-03 23:57:55,5.74,1
2021-10-03 23:57:55,5.741,7
2021-10-03 23:57:55,5.742,5
2021-10-03 23:57:55,5.743,1
2021-10-03 23:58:43,5.743,1
2021-10-03 23:58:45,5.743,1
2021-10-03 23:59:03,5.744,4
2021-10-04 00:00:22,5.743,2
2021-10-04 00:00:31,5.743,1
2021-10-04 00:00:34,5.743,1
2021-10-04 00:00:40,5.742,1
2021-10-04 00:00:40,5.741,1
2021-10-04 00:00:40,5.743,1
2021-10-04 00:00:54,5.743,1
2021-10-04 00:01:04,5.742,1
2021-10-04 00:01:36,5.742,1
2021-10-04 00:01:36,5.741,4
2021-10-04 00:01:36,5.74,5
2021-10-04 00:01:36,5.739,1
2021-10-04 00:01:36,5.74,1
2021-10-04 00:01:36,5.739,1
2021-10-04 00:01:36,5.741,1
2021-10-04 00:01:37,5.741,2
2021-10-04 00:02:28,5.742,3
2021-10-04 00:03:16,5.741,1
2021-10-04 00:03:42,5.74,1
2021-10-04 00:04:19,5.742,3
2021-10-04 00:04:20,5.743,1
2021-10-04 00:04:58,5.743,1
2021-10-04 00:05:15,5.742,1
2021-10-04 00:05:27,5.741,1
2021-10-04 00:06:04,5.742,2
2021-10-04 00:06:14,5.741,1
2021-10-04 00:07:46,5.742,1
2021-10-04 00:08:34,5.741,1
2021-10-04 00:09:30,5.741,4
2021-10-04 00:10:47,5.741,4
2021-10-04 00:11:19,5.742,4
2021-10-04 00:13:39,5.74,6
2021-10-04 00:13:39,5.738,1
2021-10-04 00:14:45,5.739,1
2021-10-04 00:14:58,5.739,1
2021-10-04 00:15:02,5.739,1
2021-10-04 00:15:05,5.739,1
2021-10-04 00:15:08,5.739,2
2021-10-04 00:15:20,5.739,1
2021-10-04 00:15:34,5.739,1
2021-10-04 00:15:34,5.74,4
2021-10-04 00:15:50,5.74,1
2021-10-04 00:16:21,5.739,1
2021-10-04 00:16:21,5.74,1
2021-10-04 00:16:21,5.738,8
2021-10-04 00:16:22,5.738,1
2021-10-04 00:16:28,5.738,1
2021-10-04 00:17:02,5.739,1
2021-10-04 00:17:10,5.737,1
2021-10-04 00:17:30,5.74,1
2021-10-04 00:17:47,5.74,1
2021-10-04 00:19:00,5.74,1
2021-10-04 00:19:38,5.74,1
2021-10-04 00:21:42,5.74,2
2021-10-04 00:22:45,5.74,2
2021-10-04 00:23:20,5.738,1
2021-10-04 00:23:34,5.737,4
2021-10-04 00:23:45,5.736,3
2021-10-04 00:24:00,5.737,2
2021-10-04 00:24:01,5.735,1
2021-10-04 00:24:18,5.735,1
2021-10-04 00:24:30,5.734,1
2021-10-04 00:24:33,5.736,1
2021-10-04 00:24:47,5.735,1
2021-10-04 00:24:54,5.737,1
2021-10-04 00:25:51,5.737,1
2021-10-04 00:26:43,5.734,2
2021-10-04 00:26:52,5.732,1
2021-10-04 00:26:52,5.733,1
2021-10-04 00:26:55,5.733,1
2021-10-04 00:26:58,5.733,1
2021-10-04 00:27:32,5.732,2
2021-10-04 00:27:33,5.732,1
2021-10-04 00:27:35,5.735,1
2021-10-04 00:27:37,5.731,3
2021-10-04 00:27:45,5.732,2
2021-10-04 00:28:05,5.731,2
2021-10-04 00:28:23,5.734,1
2021-10-04 00:29:39,5.733,1
2021-10-04 00:29:39,5.734,14
2021-10-04 00:29:40,5.734,1
2021-10-04 00:29:42,5.734,8
2021-10-04 00:29:43,5.734,6
2021-10-04 00:30:04,5.734,3
2021-10-04 00:30:05,5.735,2
2021-10-04 00:30:09,5.735,3
2021-10-04 00:30:11,5.735,10
2021-10-04 00:30:12,5.735,4
2021-10-04 00:30:16,5.736,2
2021-10-04 00:30:16,5.737,4
2021-10-04 00:30:44,5.735,3
2021-10-04 00:30:52,5.732,2
2021-10-04 00:31:04,5.731,3
2021-10-04 00:31:04,5.73,25
2021-10-04 00:31:04,5.728,1
2021-10-04 00:31:04,5.727,2
2021-10-04 00:31:04,5.726,2
2021-10-04 00:31:04,5.725,3
2021-10-04 00:31:04,5.723,3
2021-10-04 00:31:04,5.722,2
2021-10-04 00:31:04,5.727,7
2021-10-04 00:31:04,5.723,1
2021-10-04 00:31:04,5.726,1
2021-10-04 00:31:04,5.724,3
2021-10-04 00:31:04,5.723,1
2021-10-04 00:31:04,5.724,1
2021-10-04 00:31:04,5.723,3
2021-10-04 00:31:04,5.721,2
2021-10-04 00:31:04,5.722,1
2021-10-04 00:31:04,5.721,3
2021-10-04 00:31:04,5.722,2
2021-10-04 00:31:04,5.721,1
2021-10-04 00:31:04,5.72,3
2021-10-04 00:31:04,5.719,1
2021-10-04 00:31:05,5.719,5
2021-10-04 00:31:08,5.722,3
2021-10-04 00:31:10,5.724,1
2021-10-04 00:31:11,5.724,2
2021-10-04 00:31:15,5.719,3
2021-10-04 00:31:15,5.721,1
2021-10-04 00:31:17,5.72,1
2021-10-04 00:31:19,5.72,2
2021-10-04 00:31:20,5.724,1
2021-10-04 00:31:26,5.724,1
2021-10-04 00:31:27,5.723,1
2021-10-04 00:31:28,5.724,1
2021-10-04 00:31:29,5.722,1
2021-10-04 00:31:30,5.723,3
2021-10-04 00:31:31,5.726,1
2021-10-04 00:31:32,5.725,1
2021-10-04 00:31:34,5.722,1
2021-10-04 00:31:38,5.725,1
2021-10-04 00:31:39,5.725,1
2021-10-04 00:31:39,5.726,1
2021-10-04 00:31:41,5.727,1
2021-10-04 00:31:49,5.726,1
2021-10-04 00:31:50,5.724,1
2021-10-04 00:31:52,5.724,3
2021-10-04 00:31:53,5.727,1
2021-10-04 00:32:12,5.724,1
2021-10-04 00:32:18,5.728,1
2021-10-04 00:33:00,5.726,2
2021-10-04 00:33:00,5.725,2
2021-10-04 00:33:00,5.724,4
2021-10-04 00:33:03,5.724,1
2021-10-04 00:33:06,5.723,1
2021-10-04 00:33:06,5.722,1
2021-10-04 00:33:07,5.723,2
2021-10-04 00:33:17,5.724,1
2021-10-04 00:33:18,5.725,1
2021-10-04 00:33:18,5.726,1
2021-10-04 00:33:28,5.726,1
2021-10-04 00:34:00,5.725,2
2021-10-04 00:34:02,5.725,2
2021-10-04 00:34:03,5.727,1
2021-10-04 00:34:17,5.727,1
2021-10-04 00:34:30,5.723,1
2021-10-04 00:34:34,5.725,1
2021-10-04 00:34:42,5.723,1
2021-10-04 00:34:43,5.726,1
2021-10-04 00:34:44,5.722,1
2021-10-04 00:34:52,5.724,1
2021-10-04 00:34:58,5.725,2
2021-10-04 00:34:59,5.724,2
2021-10-04 00:35:05,5.726,1
2021-10-04 00:35:31,5.726,2
2021-10-04 00:36:15,5.724,1
2021-10-04 00:36:40,5.724,3
2021-10-04 00:36:55,5.724,3
2021-10-04 00:37:21,5.724,2
2021-10-04 00:37:21,5.723,1
2021-10-04 00:37:21,5.722,1
2021-10-04 00:37:21,5.723,2
2021-10-04 00:37:21,5.722,1
2021-10-04 00:37:21,5.725,1
2021-10-04 00:37:33,5.722,2
2021-10-04 00:37:33,5.723,1
2021-10-04 00:37:44,5.723,3
2021-10-04 00:37:55,5.722,2
2021-10-04 00:38:07,5.722,1
2021-10-04 00:38:07,5.723,2
2021-10-04 00:38:11,5.721,2
2021-10-04 00:38:11,5.72,3
2021-10-04 00:38:11,5.719,1
2021-10-04 00:38:11,5.72,1
2021-10-04 00:38:11,5.722,1
2021-10-04 00:38:11,5.723,1
2021-10-04 00:38:31,5.723,1
2021-10-04 00:38:33,5.722,1
2021-10-04 00:38:50,5.722,2
2021-10-04 00:38:52,5.723,1
2021-10-04 00:39:00,5.724,1
2021-10-04 00:39:38,5.724,1
2021-10-04 00:40:07,5.725,1
2021-10-04 00:40:08,5.722,1
2021-10-04 00:40:27,5.725,2
2021-10-04 00:40:32,5.726,2
2021-10-04 00:40:52,5.726,2
2021-10-04 00:41:54,5.723,3
2021-10-04 00:41:54,5.722,7
2021-10-04 00:42:04,5.723,1
2021-10-04 00:42:05,5.725,2
2021-10-04 00:42:17,5.725,1
2021-10-04 00:42:47,5.723,1
2021-10-04 00:42:47,5.722,1
2021-10-04 00:42:57,5.722,2
2021-10-04 00:43:07,5.724,1
2021-10-04 00:43:47,5.721,1
2021-10-04 00:43:56,5.722,1
2021-10-04 00:43:56,5.721,1
2021-10-04 00:44:15,5.72,1
2021-10-04 00:44:19,5.72,2
2021-10-04 00:44:34,5.72,1
2021-10-04 00:44:43,5.722,1
2021-10-04 00:44:44,5.719,1
2021-10-04 00:44:53,5.719,1
2021-10-04 00:45:02,5.72,1
2021-10-04 00:45:04,5.719,1
2021-10-04 00:45:22,5.722,4
2021-10-04 00:45:31,5.723,3
2021-10-04 00:45:31,5.724,1
2021-10-04 00:45:39,5.725,3
2021-10-04 00:45:59,5.726,1
2021-10-04 00:46:19,5.726,1
2021-10-04 00:46:34,5.726,1
2021-10-04 00:46:49,5.726,1
2021-10-04 00:46:49,5.727,4
2021-10-04 00:46:49,5.728,1
2021-10-04 00:46:50,5.728,2
2021-10-04 00:46:52,5.728,3
2021-10-04 00:47:29,5.728,1
2021-10-04 00:47:29,5.729,2
2021-10-04 00:48:03,5.729,2
2021-10-04 00:48:14,5.73,4
2021-10-04 00:48:14,5.731,2
2021-10-04 00:48:15,5.732,5
2021-10-04 00:48:36,5.733,2
2021-10-04 00:48:36,5.734,1
2021-10-04 00:48:36,5.733,2
2021-10-04 00:48:36,5.734,2
2021-10-04 00:48:39,5.731,2
2021-10-04 00:48:40,5.73,4
2021-10-04 00:48:41,5.731,1
2021-10-04 00:49:39,5.729,1
2021-10-04 00:49:46,5.728,2
2021-10-04 00:50:01,5.729,1
2021-10-04 00:50:05,5.73,2
2021-10-04 00:50:12,5.73,1
2021-10-04 00:50:22,5.729,1
2021-10-04 00:51:42,5.729,1
2021-10-04 00:52:06,5.729,2
2021-10-04 00:52:16,5.729,1
2021-10-04 00:52:16,5.73,1
2021-10-04 00:52:26,5.73,2
2021-10-04 00:52:26,5.731,1
2021-10-04 00:52:31,5.728,1
2021-10-04 00:52:34,5.731,1
2021-10-04 00:53:02,5.73,1
2021-10-04 00:53:08,5.728,2
2021-10-04 00:53:08,5.727,2
2021-10-04 00:53:08,5.725,2
2021-10-04 00:53:08,5.724,3
2021-10-04 00:53:08,5.723,2
2021-10-04 00:53:08,5.722,3
2021-10-04 00:53:08,5.721,1
2021-10-04 00:53:08,5.726,4
2021-10-04 00:53:08,5.725,1
2021-10-04 00:53:08,5.726,3
2021-10-04 00:53:08,5.727,1
2021-10-04 00:53:08,5.724,1
2021-10-04 00:53:08,5.725,1
2021-10-04 00:53:08,5.726,1
2021-10-04 00:53:11,5.725,1
2021-10-04 00:53:11,5.721,2
2021-10-04 00:53:15,5.727,1
2021-10-04 00:53:25,5.725,1
2021-10-04 00:53:29,5.726,1
2021-10-04 00:53:41,5.724,1
2021-10-04 00:53:41,5.725,1
2021-10-04 00:53:44,5.726,1
2021-10-04 00:53:47,5.726,1
2021-10-04 00:53:55,5.726,1
2021-10-04 00:54:12,5.728,1
2021-10-04 00:54:20,5.725,1
2021-10-04 00:54:45,5.726,2
2021-10-04 00:54:51,5.726,1
2021-10-04 00:55:26,5.726,1
2021-10-04 00:55:50,5.726,2
2021-10-04 00:55:52,5.726,1
2021-10-04 00:55:52,5.725,1
2021-10-04 00:55:52,5.726,7
2021-10-04 00:56:07,5.728,1
2021-10-04 00:56:14,5.728,2
2021-10-04 00:57:22,5.728,1
2021-10-04 00:57:30,5.729,2
2021-10-04 00:57:34,5.729,1
2021-10-04 00:59:34,5.728,2
2021-10-04 01:00:13,5.727,1
2021-10-04 01:00:22,5.729,1
2021-10-04 01:00:43,5.73,1
2021-10-04 01:00:59,5.729,1
2021-10-04 01:01:25,5.73,7
2021-10-04 01:02:53,5.73,1
2021-10-04 01:04:00,5.729,1
2021-10-04 01:04:00,5.728,1
2021-10-04 01:04:02,5.73,1
2021-10-04 01:04:26,5.729,1
2021-10-04 01:04:26,5.728,1
2021-10-04 01:05:10,5.73,3
2021-10-04 01:06:21,5.728,1
2021-10-04 01:06:28,5.728,1
2021-10-04 01:07:58,5.728,1
2021-10-04 01:08:20,5.728,1
2021-10-04 01:08:35,5.728,1
2021-10-04 01:09:41,5.729,1
2021-10-04 01:09:42,5.73,1
2021-10-04 01:09:48,5.73,3
2021-10-04 01:10:27,5.73,1
2021-10-04 01:10:43,5.73,1
2021-10-04 01:12:43,5.729,1
2021-10-04 01:13:15,5.728,3
2021-10-04 01:13:17,5.726,2
2021-10-04 01:13:18,5.73,1
2021-10-04 01:14:08,5.73,2
2021-10-04 01:14:15,5.731,3
2021-10-04 01:14:19,5.731,2
2021-10-04 01:15:02,5.732,4
2021-10-04 01:15:02,5.733,3
2021-10-04 01:15:02,5.734,4
2021-10-04 01:15:02,5.735,5
2021-10-04 01:15:02,5.736,3
2021-10-04 01:15:02,5.737,2
2021-10-04 01:15:13,5.736,2
2021-10-04 01:15:21,5.735,1
2021-10-04 01:15:35,5.735,1
2021-10-04 01:15:47,5.734,1
2021-10-04 01:15:57,5.733,1
2021-10-04 01:16:09,5.734,1
2021-10-04 01:16:11,5.735,2
2021-10-04 01:16:11,5.736,1
2021-10-04 01:16:18,5.736,1
2021-10-04 01:16:33,5.736,1
2021-10-04 01:16:35,5.737,1
2021-10-04 01:16:42,5.734,2
2021-10-04 01:17:45,5.734,1
2021-10-04 01:17:52,5.734,1
2021-10-04 01:19:19,5.736,1
2021-10-04 01:19:25,5.736,1
2021-10-04 01:19:32,5.736,1
2021-10-04 01:20:00,5.733,1
2021-10-04 01:20:02,5.733,1
2021-10-04 01:20:02,5.73,2
2021-10-04 01:20:06,5.73,1
2021-10-04 01:20:08,5.73,1
2021-10-04 01:20:16,5.731,1
2021-10-04 01:20:40,5.731,1
2021-10-04 01:20:45,5.731,1
2021-10-04 01:20:57,5.732,1
2021-10-04 01:21:18,5.732,1
2021-10-04 01:21:19,5.732,2
2021-10-04 01:21:19,5.731,1
2021-10-04 01:21:25,5.734,1
2021-10-04 01:21:26,5.735,2
2021-10-04 01:22:05,5.735,1
2021-10-04 01:22:12,5.734,2
2021-10-04 01:22:32,5.735,1
2021-10-04 01:22:44,5.735,1
2021-10-04 01:23:18,5.736,3
2021-10-04 01:24:27,5.737,3
2021-10-04 01:24:44,5.737,2
2021-10-04 01:24:44,5.738,1
2021-10-04 01:24:44,5.739,3
2021-10-04 01:24:56,5.735,1
2021-10-04 01:25:16,5.735,2
2021-10-04 01:25:34,5.737,1
2021-10-04 01:25:35,5.739,1
2021-10-04 01:25:53,5.738,1
2021-10-04 01:26:05,5.738,4
2021-10-04 01:26:15,5.739,4
2021-10-04 01:26:15,5.737,2
2021-10-04 01:26:51,5.738,2
2021-10-04 01:26:51,5.739,1
2021-10-04 01:27:10,5.739,1
2021-10-04 01:27:20,5.739,1
2021-10-04 01:27:44,5.739,2
2021-10-04 01:27:52,5.739,2
2021-10-04 01:27:52,5.74,16
2021-10-04 01:28:01,5.741,8
2021-10-04 01:28:12,5.741,6
2021-10-04 01:28:12,5.742,18
2021-10-04 01:28:16,5.742,1
2021-10-04 01:28:23,5.742,9
2021-10-04 01:28:24,5.74,3
2021-10-04 01:29:06,5.741,1
2021-10-04 01:29:23,5.742,9
2021-10-04 01:29:23,5.743,8
2021-10-04 01:29:23,5.742,8
2021-10-04 01:29:23,5.745,3
2021-10-04 01:29:23,5.746,7
2021-10-04 01:29:23,5.747,3
2021-10-04 01:29:23,5.748,2
2021-10-04 01:29:24,5.746,4
2021-10-04 01:29:25,5.749,1
2021-10-04 01:29:25,5.75,2
2021-10-04 01:29:25,5.751,2
2021-10-04 01:29:25,5.752,2
2021-10-04 01:29:25,5.754,2
2021-10-04 01:29:25,5.755,2
2021-10-04 01:29:25,5.756,1
2021-10-04 01:29:25,5.757,3
2021-10-04 01:29:25,5.758,2
2021-10-04 01:29:25,5.759,5
2021-10-04 01:29:25,5.76,1
2021-10-04 01:29:25,5.753,2
2021-10-04 01:29:25,5.752,1
2021-10-04 01:29:25,5.754,1
2021-10-04 01:29:25,5.753,1
2021-10-04 01:29:25,5.757,1
2021-10-04 01:29:25,5.758,1
2021-10-04 01:29:25,5.755,1
2021-10-04 01:29:25,5.756,1
2021-10-04 01:29:26,5.753,3
2021-10-04 01:29:28,5.752,2
2021-10-04 01:29:39,5.754,1
2021-10-04 01:29:46,5.753,1
2021-10-04 01:29:47,5.751,1
2021-10-04 01:29:51,5.751,3
2021-10-04 01:29:57,5.75,4
2021-10-04 01:30:01,5.753,2
2021-10-04 01:30:19,5.753,1
2021-10-04 01:30:25,5.753,1
2021-10-04 01:30:47,5.754,1
2021-10-04 01:30:59,5.754,1
2021-10-04 01:31:14,5.753,2
2021-10-04 01:31:14,5.754,1
2021-10-04 01:31:21,5.755,4
2021-10-04 01:31:28,5.757,2
2021-10-04 01:31:33,5.755,2
2021-10-04 01:31:36,5.758,2
2021-10-04 01:31:45,5.759,2
2021-10-04 01:31:54,5.76,2
2021-10-04 01:31:54,5.759,1
2021-10-04 01:31:55,5.759,2
2021-10-04 01:31:56,5.758,1
2021-10-04 01:31:59,5.758,1
2021-10-04 01:32:02,5.758,2
2021-10-04 01:32:02,5.757,2
2021-10-04 01:32:02,5.756,1
2021-10-04 01:32:12,5.757,2
2021-10-04 01:32:22,5.756,1
2021-10-04 01:32:22,5.757,1
2021-10-04 01:32:24,5.756,1
2021-10-04 01:32:26,5.755,1
2021-10-04 01:32:26,5.757,2
2021-10-04 01:32:27,5.755,1
2021-10-04 01:32:28,5.754,1
2021-10-04 01:32:29,5.754,1
2021-10-04 01:32:30,5.753,1
2021-10-04 01:32:31,5.753,1
2021-10-04 01:32:31,5.755,1
2021-10-04 01:32:33,5.753,3
2021-10-04 01:33:06,5.752,2
2021-10-04 01:33:26,5.753,1
2021-10-04 01:33:31,5.751,2
2021-10-04 01:33:31,5.75,2
2021-10-04 01:33:51,5.753,2
2021-10-04 01:33:58,5.752,1
2021-10-04 01:34:20,5.753,1
2021-10-04 01:34:30,5.754,2
2021-10-04 01:35:20,5.754,1
2021-10-04 01:35:31,5.753,1
2021-10-04 01:36:01,5.754,1
2021-10-04 01:36:18,5.754,1
2021-10-04 01:36:30,5.755,1
2021-10-04 01:36:36,5.755,1
2021-10-04 01:36:41,5.752,1
2021-10-04 01:36:45,5.752,4
2021-10-04 01:36:57,5.75,2
2021-10-04 01:38:16,5.752,2
2021-10-04 01:38:17,5.754,1
2021-10-04 01:38:35,5.754,1
2021-10-04 01:38:42,5.755,1
2021-10-04 01:38:44,5.755,1
2021-10-04 01:41:12,5.755,1
2021-10-04 01:41:12,5.753,1
2021-10-04 01:41:13,5.752,1
2021-10-04 01:41:59,5.75,1
2021-10-04 01:42:11,5.753,2
2021-10-04 01:42:16,5.753,1
2021-10-04 01:43:12,5.75,17
2021-10-04 01:43:12,5.749,1
2021-10-04 01:43:13,5.749,1
2021-10-04 01:44:11,5.743,2
2021-10-04 01:44:11,5.742,1
2021-10-04 01:44:11,5.741,2
2021-10-04 01:44:11,5.743,4
2021-10-04 01:44:11,5.745,1
2021-10-04 01:44:11,5.744,1
2021-10-04 01:44:12,5.747,2
2021-10-04 01:44:23,5.747,2
2021-10-04 01:45:10,5.747,3
2021-10-04 01:45:28,5.745,1
2021-10-04 01:45:32,5.749,1
2021-10-04 01:45:35,5.749,10
2021-10-04 01:45:41,5.749,10
2021-10-04 01:45:48,5.749,1
2021-10-04 01:45:53,5.749,1
2021-10-04 01:45:55,5.75,1
2021-10-04 01:47:17,5.749,1
2021-10-04 01:47:33,5.752,2
2021-10-04 01:47:33,5.754,1
2021-10-04 01:47:34,5.75,2
2021-10-04 01:47:34,5.755,1
2021-10-04 01:49:31,5.751,1
2021-10-04 01:51:37,5.749,1
2021-10-04 01:51:45,5.75,1
2021-10-04 01:52:44,5.749,7
2021-10-04 01:52:48,5.749,10
2021-10-04 01:52:55,5.75,5
2021-10-04 01:53:03,5.75,1
2021-10-04 01:54:06,5.75,3
2021-10-04 01:54:41,5.749,5
2021-10-04 01:54:49,5.749,5
2021-10-04 01:54:55,5.749,5
2021-10-04 01:55:00,5.749,5
2021-10-04 01:55:06,5.749,5
2021-10-04 01:55:11,5.749,5
2021-10-04 01:55:15,5.747,2
2021-10-04 01:55:39,5.748,1
2021-10-04 01:56:08,5.746,3
2021-10-04 01:56:43,5.745,1
2021-10-04 01:56:43,5.744,1
2021-10-04 01:56:57,5.741,2
2021-10-04 01:56:57,5.74,5
2021-10-04 01:57:29,5.739,1
2021-10-04 01:57:36,5.741,1
2021-10-04 01:58:14,5.741,1
2021-10-04 01:58:58,5.74,2
2021-10-04 01:59:34,5.738,2
2021-10-04 01:59:34,5.737,3
2021-10-04 02:00:00,5.737,1
2021-10-04 02:00:00,5.735,2
2021-10-04 02:00:02,5.737,2
2021-10-04 02:00:15,5.735,1
2021-10-04 02:00:21,5.736,1
2021-10-04 02:00:28,5.736,1
2021-10-04 02:00:28,5.734,1
2021-10-04 02:00:28,5.733,3
2021-10-04 02:00:28,5.732,1
2021-10-04 02:00:31,5.735,1
2021-10-04 02:00:31,5.733,5
2021-10-04 02:00:32,5.732,1
2021-10-04 02:00:39,5.732,1
2021-10-04 02:00:45,5.732,1
2021-10-04 02:00:55,5.733,1
2021-10-04 02:01:00,5.733,1
2021-10-04 02:01:07,5.735,1
2021-10-04 02:01:07,5.736,2
2021-10-04 02:01:07,5.737,1
2021-10-04 02:01:08,5.738,1
2021-10-04 02:01:41,5.737,1
2021-10-04 02:01:48,5.738,1
2021-10-04 02:01:52,5.738,2
2021-10-04 02:02:10,5.737,1
2021-10-04 02:02:30,5.737,1
2021-10-04 02:02:51,5.738,3
2021-10-04 02:03:09,5.737,3
2021-10-04 02:03:14,5.736,3
2021-10-04 02:03:48,5.735,1
2021-10-04 02:04:02,5.735,1
2021-10-04 02:04:05,5.737,3
2021-10-04 02:04:06,5.737,1
2021-10-04 02:04:09,5.738,1
2021-10-04 02:05:07,5.735,3
2021-10-04 02:06:38,5.735,1
2021-10-04 02:06:47,5.734,1
2021-10-04 02:06:48,5.734,1
2021-10-04 02:06:56,5.733,1
2021-10-04 02:06:56,5.732,3
2021-10-04 02:07:03,5.732,1
2021-10-04 02:07:15,5.731,2
2021-10-04 02:07:15,5.73,8
2021-10-04 02:07:15,5.729,1
2021-10-04 02:07:15,5.727,1
2021-10-04 02:07:17,5.726,1
2021-10-04 02:07:41,5.728,1
2021-10-04 02:07:46,5.729,1
2021-10-04 02:07:55,5.729,1
2021-10-04 02:08:10,5.73,1
2021-10-04 02:08:10,5.731,2
2021-10-04 02:08:28,5.73,1
2021-10-04 02:08:47,5.731,1
2021-10-04 02:08:47,5.732,1
2021-10-04 02:08:57,5.735,2
2021-10-04 02:09:56,5.738,2
2021-10-04 02:09:57,5.733,2
2021-10-04 02:10:41,5.737,1
2021-10-04 02:11:58,5.736,1
2021-10-04 02:12:07,5.735,2
2021-10-04 02:13:06,5.739,1
2021-10-04 02:13:17,5.74,3
2021-10-04 02:13:28,5.74,1
2021-10-04 02:13:48,5.74,1
2021-10-04 02:14:16,5.74,2
2021-10-04 02:14:45,5.737,1
2021-10-04 02:14:45,5.736,1
2021-10-04 02:14:45,5.735,3
2021-10-04 02:14:46,5.734,1
2021-10-04 02:14:46,5.733,1
2021-10-04 02:14:49,5.738,1
2021-10-04 02:16:57,5.738,2
2021-10-04 02:17:24,5.736,1
2021-10-04 02:17:29,5.734,1
2021-10-04 02:18:47,5.735,1
2021-10-04 02:19:03,5.734,1
2021-10-04 02:19:52,5.734,1
2021-10-04 02:20:10,5.735,2
2021-10-04 02:20:52,5.734,1
2021-10-04 02:21:10,5.734,2
2021-10-04 02:22:09,5.733,1
2021-10-04 02:22:19,5.732,1
2021-10-04 02:22:34,5.731,5
2021-10-04 02:22:39,5.73,1
2021-10-04 02:23:17,5.73,6
2021-10-04 02:23:59,5.728,2
2021-10-04 02:24:16,5.727,3
2021-10-04 02:24:38,5.726,1
2021-10-04 02:24:38,5.725,1
2021-10-04 02:24:38,5.724,3
2021-10-04 02:24:40,5.725,2
2021-10-04 02:24:54,5.73,5
2021-10-04 02:25:00,5.73,5
2021-10-04 02:25:10,5.732,2
2021-10-04 02:25:17,5.734,2
2021-10-04 02:25:21,5.735,1
2021-10-04 02:25:27,5.738,5
2021-10-04 02:25:34,5.74,2
2021-10-04 02:25:34,5.741,3
2021-10-04 02:25:34,5.744,1
2021-10-04 02:25:34,5.745,1
2021-10-04 02:25:34,5.744,3
2021-10-04 02:25:34,5.745,1
2021-10-04 02:25:34,5.743,1
2021-10-04 02:25:35,5.745,1
2021-10-04 02:25:39,5.743,1
2021-10-04 02:25:40,5.744,1
2021-10-04 02:25:43,5.745,1
2021-10-04 02:25:43,5.746,1
2021-10-04 02:25:44,5.747,1
2021-10-04 02:25:44,5.748,2
2021-10-04 02:25:45,5.747,1
2021-10-04 02:25:50,5.747,2
2021-10-04 02:25:52,5.747,1
2021-10-04 02:25:52,5.748,2
2021-10-04 02:26:44,5.745,2
2021-10-04 02:27:30,5.745,2
2021-10-04 02:28:15,5.746,1
2021-10-04 02:28:30,5.744,1
2021-10-04 02:28:30,5.745,1
2021-10-04 02:28:34,5.743,2
2021-10-04 02:28:34,5.742,1
2021-10-04 02:28:36,5.742,1
2021-10-04 02:28:36,5.745,1
2021-10-04 02:29:23,5.74,4
2021-10-04 02:29:53,5.736,2
2021-10-04 02:30:10,5.74,1
2021-10-04 02:31:32,5.739,1
2021-10-04 02:31:44,5.737,1
2021-10-04 02:31:45,5.737,1
2021-10-04 02:32:31,5.739,1
2021-10-04 02:32:31,5.74,1
2021-10-04 02:32:31,5.741,1
2021-10-04 02:33:34,5.744,1
2021-10-04 02:33:55,5.744,1
2021-10-04 02:33:55,5.743,1
2021-10-04 02:33:55,5.744,5
2021-10-04 02:33:55,5.745,1
2021-10-04 02:34:15,5.743,2
2021-10-04 02:34:21,5.741,1
2021-10-04 02:36:56,5.742,1
2021-10-04 02:37:19,5.738,1
2021-10-04 02:37:55,5.741,1
2021-10-04 02:38:54,5.74,1
2021-10-04 02:39:06,5.739,1
2021-10-04 02:39:28,5.74,1
2021-10-04 02:39:51,5.74,1
2021-10-04 02:39:51,5.738,4
2021-10-04 02:39:57,5.74,1
2021-10-04 02:40:05,5.74,1
2021-10-04 02:41:26,5.743,10
2021-10-04 02:41:28,5.743,2
2021-10-04 02:41:40,5.746,3
2021-10-04 02:41:58,5.744,4
2021-10-04 02:42:17,5.743,2
2021-10-04 02:42:59,5.743,1
2021-10-04 02:45:11,5.743,3
2021-10-04 02:46:43,5.743,1
2021-10-04 02:46:44,5.743,5
2021-10-04 02:46:55,5.743,6
2021-10-04 02:46:55,5.742,2
2021-10-04 02:46:55,5.741,1
2021-10-04 02:46:55,5.742,1
2021-10-04 02:46:58,5.742,1
2021-10-04 02:46:59,5.741,2
2021-10-04 02:46:59,5.742,2
2021-10-04 02:46:59,5.743,1
2021-10-04 02:47:05,5.739,2
2021-10-04 02:47:15,5.744,1
2021-10-04 02:48:02,5.744,1
2021-10-04 02:50:32,5.744,3
2021-10-04 02:50:39,5.746,5
2021-10-04 02:54:06,5.746,1
2021-10-04 02:55:06,5.746,1
2021-10-04 02:55:44,5.746,1
2021-10-04 02:56:54,5.743,1
2021-10-04 02:56:54,5.744,1
2021-10-04 02:57:59,5.746,1
2021-10-04 02:58:45,5.747,5
2021-10-04 02:58:45,5.748,3
2021-10-04 02:58:45,5.749,7
2021-10-04 02:58:45,5.75,1
2021-10-04 02:58:45,5.749,1
2021-10-04 02:58:45,5.75,4
2021-10-04 02:58:45,5.749,1
2021-10-04 02:58:45,5.748,1
2021-10-04 02:58:45,5.749,1
2021-10-04 02:58:45,5.751,1
2021-10-04 02:58:45,5.753,1
2021-10-04 02:58:45,5.754,1
2021-10-04 02:58:45,5.755,4
2021-10-04 02:58:45,5.756,1
2021-10-04 02:58:45,5.757,3
2021-10-04 02:58:45,5.756,1
2021-10-04 02:58:45,5.755,3
2021-10-04 02:58:45,5.756,1
2021-10-04 02:58:45,5.757,2
2021-10-04 02:58:45,5.756,2
2021-10-04 02:58:55,5.752,1
2021-10-04 02:59:13,5.751,1
2021-10-04 02:59:18,5.751,2
2021-10-04 02:59:23,5.752,1
2021-10-04 02:59:26,5.755,2
2021-10-04 02:59:28,5.755,1
2021-10-04 02:59:30,5.756,1
2021-10-04 02:59:32,5.752,1
2021-10-04 02:59:36,5.757,2
2021-10-04 02:59:40,5.756,4
2021-10-04 02:59:44,5.754,1
2021-10-04 02:59:45,5.755,1
2021-10-04 02:59:46,5.756,1
2021-10-04 02:59:46,5.757,1
2021-10-04 02:59:47,5.756,2
2021-10-04 03:00:00,5.756,2
2021-10-04 03:00:16,5.758,2
2021-10-04 03:00:27,5.758,2
2021-10-04 03:00:31,5.757,1
2021-10-04 03:00:31,5.756,1
2021-10-04 03:00:31,5.755,1
2021-10-04 03:00:34,5.759,1
2021-10-04 03:00:42,5.758,1
2021-10-04 03:00:48,5.759,1
2021-10-04 03:00:50,5.759,1
2021-10-04 03:00:54,5.76,5
2021-10-04 03:01:02,5.759,1
2021-10-04 03:01:05,5.76,1
2021-10-04 03:01:10,5.761,1
2021-10-04 03:01:13,5.762,3
2021-10-04 03:01:13,5.763,3
2021-10-04 03:01:13,5.761,1
2021-10-04 03:01:13,5.762,2
2021-10-04 03:01:13,5.763,9
2021-10-04 03:01:13,5.762,6
2021-10-04 03:01:13,5.764,1
2021-10-04 03:01:13,5.763,1
2021-10-04 03:01:13,5.764,1
2021-10-04 03:01:13,5.763,1
2021-10-04 03:01:13,5.764,1
2021-10-04 03:01:13,5.763,1
2021-10-04 03:01:14,5.764,1
2021-10-04 03:01:14,5.765,1
2021-10-04 03:01:14,5.766,2
2021-10-04 03:01:14,5.768,1
2021-10-04 03:01:14,5.769,1
2021-10-04 03:01:14,5.77,7
2021-10-04 03:01:14,5.771,2
2021-10-04 03:01:14,5.772,2
2021-10-04 03:01:14,5.773,3
2021-10-04 03:01:14,5.774,2
2021-10-04 03:01:14,5.775,3
2021-10-04 03:01:14,5.777,1
2021-10-04 03:01:14,5.774,7
2021-10-04 03:01:14,5.775,1
2021-10-04 03:01:14,5.773,4
2021-10-04 03:01:14,5.772,1
2021-10-04 03:01:14,5.774,1
2021-10-04 03:01:14,5.775,2
2021-10-04 03:01:14,5.773,1
2021-10-04 03:01:14,5.771,3
2021-10-04 03:01:14,5.769,1
2021-10-04 03:01:14,5.77,1
2021-10-04 03:01:14,5.771,2
2021-10-04 03:01:14,5.773,1
2021-10-04 03:01:14,5.768,1
2021-10-04 03:01:14,5.77,2
2021-10-04 03:01:14,5.769,3
2021-10-04 03:01:14,5.768,3
2021-10-04 03:01:14,5.774,1
2021-10-04 03:01:14,5.77,4
2021-10-04 03:01:14,5.769,1
2021-10-04 03:01:14,5.77,1
2021-10-04 03:01:14,5.769,1
2021-10-04 03:01:14,5.772,1
2021-10-04 03:01:14,5.774,1
2021-10-04 03:01:14,5.768,1
2021-10-04 03:01:14,5.771,7
2021-10-04 03:01:14,5.772,1
2021-10-04 03:01:14,5.773,3
2021-10-04 03:01:15,5.768,1
2021-10-04 03:01:16,5.773,5
2021-10-04 03:01:18,5.774,3
2021-10-04 03:01:18,5.77,3
2021-10-04 03:01:18,5.769,1
2021-10-04 03:01:20,5.769,1
2021-10-04 03:01:23,5.767,2
2021-10-04 03:01:23,5.768,1
2021-10-04 03:01:26,5.768,5
2021-10-04 03:01:27,5.767,1
2021-10-04 03:01:28,5.768,1
2021-10-04 03:01:35,5.768,2
2021-10-04 03:01:39,5.766,4
2021-10-04 03:01:39,5.765,2
2021-10-04 03:01:39,5.764,1
2021-10-04 03:01:39,5.763,1
2021-10-04 03:01:40,5.763,1
2021-10-04 03:01:40,5.762,1
2021-10-04 03:01:41,5.758,1
2021-10-04 03:01:41,5.757,1
2021-10-04 03:01:41,5.756,1
2021-10-04 03:01:41,5.758,3
2021-10-04 03:01:41,5.757,1
2021-10-04 03:01:41,5.759,1
2021-10-04 03:01:41,5.758,1
2021-10-04 03:01:41,5.759,1
2021-10-04 03:01:52,5.761,2
2021-10-04 03:01:55,5.758,1
2021-10-04 03:01:55,5.761,1
2021-10-04 03:01:56,5.761,1
2021-10-04 03:01:56,5.762,1
2021-10-04 03:01:59,5.76,1
2021-10-04 03:02:00,5.761,1
2021-10-04 03:02:01,5.762,1
2021-10-04 03:02:01,5.761,2
2021-10-04 03:02:02,5.76,1
2021-10-04 03:02:02,5.759,1
2021-10-04 03:02:02,5.758,1
2021-10-04 03:02:03,5.757,2
2021-10-04 03:02:15,5.756,1
2021-10-04 03:02:15,5.754,1
2021-10-04 03:02:15,5.756,1
2021-10-04 03:02:15,5.755,1
2021-10-04 03:02:22,5.752,1
2021-10-04 03:02:22,5.75,1
2021-10-04 03:02:22,5.749,2
2021-10-04 03:02:25,5.749,1
2021-10-04 03:02:26,5.747,2
2021-10-04 03:02:27,5.745,2
2021-10-04 03:02:31,5.748,2
2021-10-04 03:02:31,5.747,1
2021-10-04 03:02:31,5.748,1
2021-10-04 03:02:31,5.749,1
2021-10-04 03:02:31,5.746,1
2021-10-04 03:02:31,5.75,2
2021-10-04 03:02:32,5.746,3
2021-10-04 03:02:43,5.75,1
2021-10-04 03:02:43,5.751,1
2021-10-04 03:02:45,5.749,2
2021-10-04 03:02:48,5.749,1
2021-10-04 03:02:52,5.749,2
2021-10-04 03:03:10,5.752,1
2021-10-04 03:03:10,5.755,1
2021-10-04 03:03:10,5.754,1
2021-10-04 03:03:11,5.754,2
2021-10-04 03:03:12,5.753,2
2021-10-04 03:03:15,5.754,1
2021-10-04 03:03:15,5.752,1
2021-10-04 03:03:15,5.753,1
2021-10-04 03:03:15,5.754,1
2021-10-04 03:03:17,5.754,1
2021-10-04 03:03:21,5.755,3
2021-10-04 03:03:24,5.751,1
2021-10-04 03:03:40,5.749,5
2021-10-04 03:03:40,5.748,9
2021-10-04 03:03:47,5.749,1
2021-10-04 03:03:50,5.749,1
2021-10-04 03:03:57,5.746,1
2021-10-04 03:04:15,5.74,5
2021-10-04 03:04:15,5.739,1
2021-10-04 03:04:15,5.741,1
2021-10-04 03:04:15,5.74,1
2021-10-04 03:04:26,5.741,1
2021-10-04 03:04:35,5.743,1
2021-10-04 03:04:39,5.744,1
2021-10-04 03:04:39,5.746,1
2021-10-04 03:04:46,5.748,1
2021-10-04 03:04:46,5.745,1
2021-10-04 03:04:59,5.745,1
2021-10-04 03:05:07,5.746,2
2021-10-04 03:05:18,5.744,2
2021-10-04 03:05:24,5.747,1
2021-10-04 03:05:30,5.747,1
2021-10-04 03:05:36,5.748,1
2021-10-04 03:05:36,5.747,1
2021-10-04 03:05:45,5.747,1
2021-10-04 03:05:48,5.748,1
2021-10-04 03:05:59,5.746,2
2021-10-04 03:06:02,5.746,1
2021-10-04 03:06:34,5.746,1
2021-10-04 03:06:34,5.745,4
2021-10-04 03:06:52,5.746,5
2021-10-04 03:07:16,5.746,3
2021-10-04 03:07:16,5.745,3
2021-10-04 03:07:16,5.744,1
2021-10-04 03:07:16,5.743,2
2021-10-04 03:07:30,5.745,1
2021-10-04 03:07:51,5.74,1
2021-10-04 03:08:21,5.738,1
2021-10-04 03:08:23,5.737,2
2021-10-04 03:08:23,5.738,1
2021-10-04 03:08:23,5.737,5
2021-10-04 03:08:23,5.736,2
2021-10-04 03:08:24,5.735,1
2021-10-04 03:08:24,5.733,1
2021-10-04 03:08:24,5.731,1
2021-10-04 03:08:24,5.729,3
2021-10-04 03:08:24,5.734,1
2021-10-04 03:08:24,5.733,1
2021-10-04 03:08:24,5.734,2
2021-10-04 03:08:24,5.733,1
2021-10-04 03:08:24,5.734,3
2021-10-04 03:08:24,5.735,1
2021-10-04 03:08:24,5.733,1
2021-10-04 03:08:58,5.733,2
