Date,Last,Volume
2021-10-03 18:00:00,0.04844,46
2021-10-03 18:00:00,0.04839,1
2021-10-03 18:00:01,0.04842,6
2021-10-03 18:00:01,0.04843,23
2021-10-03 18:00:01,0.04844,7
2021-10-03 18:00:13,0.0484,3
2021-10-03 18:00:15,0.04841,3
2021-10-03 18:00:27,0.04842,21
2021-10-03 18:00:47,0.04842,11
2021-10-03 18:01:00,0.04842,5
2021-10-03 18:01:18,0.04843,4
2021-10-03 18:02:00,0.04844,4
2021-10-03 18:02:00,0.04845,13
2021-10-03 18:02:09,0.04845,8
2021-10-03 18:02:28,0.04845,1
2021-10-03 18:02:30,0.04845,1
2021-10-03 18:02:31,0.04845,1
2021-10-03 18:02:35,0.04845,1
2021-10-03 18:02:37,0.04845,1
2021-10-03 18:02:47,0.04845,2
2021-10-03 18:02:47,0.04844,2
2021-10-03 18:03:07,0.04845,2
2021-10-03 18:03:22,0.04845,1
2021-10-03 18:03:39,0.04844,2
2021-10-03 18:04:02,0.04844,13
2021-10-03 18:04:02,0.04843,2
2021-10-03 18:04:19,0.04843,1
2021-10-03 18:05:15,0.04843,1
2021-10-03 18:06:16,0.04844,10
2021-10-03 18:12:04,0.04844,6
2021-10-03 18:12:31,0.04844,6
2021-10-03 18:12:32,0.04844,4
2021-10-03 18:13:18,0.04845,5
2021-10-03 18:16:13,0.04845,4
2021-10-03 18:16:37,0.04845,2
2021-10-03 18:18:08,0.04845,4
2021-10-03 18:19:19,0.04845,1
2021-10-03 18:20:16,0.04846,3
2021-10-03 18:22:02,0.04847,1
2021-10-03 18:22:35,0.04847,1
2021-10-03 18:23:03,0.04847,14
2021-10-03 18:24:00,0.04847,5
2021-10-03 18:24:45,0.04847,1
2021-10-03 18:24:57,0.04847,1
2021-10-03 18:25:07,0.04847,1
2021-10-03 18:25:18,0.04847,4
2021-10-03 18:26:00,0.04847,2
2021-10-03 18:26:33,0.04847,14
2021-10-03 18:26:33,0.04848,26
2021-10-03 18:26:34,0.04847,4
2021-10-03 18:30:03,0.04847,1
2021-10-03 18:32:04,0.04848,42
2021-10-03 18:33:28,0.04848,1
2021-10-03 18:34:00,0.04847,1
2021-10-03 18:35:06,0.04847,3
2021-10-03 18:37:22,0.04847,1
2021-10-03 18:38:01,0.04847,1
2021-10-03 18:42:16,0.04847,1
2021-10-03 18:45:05,0.04846,1
2021-10-03 18:45:45,0.04847,1
2021-10-03 18:46:28,0.04847,1
2021-10-03 18:47:34,0.04847,1
2021-10-03 18:48:46,0.04847,43
2021-10-03 18:50:00,0.04847,3
2021-10-03 18:52:54,0.04846,1
2021-10-03 18:53:17,0.04847,2
2021-10-03 18:53:25,0.04847,3
2021-10-03 18:53:56,0.04847,1
2021-10-03 18:54:06,0.04847,1
2021-10-03 18:54:16,0.04847,1
2021-10-03 18:54:27,0.04848,1
2021-10-03 18:54:47,0.04847,1
2021-10-03 18:55:08,0.04847,1
2021-10-03 18:55:39,0.04847,1
2021-10-03 18:55:45,0.04847,47
2021-10-03 18:56:23,0.04846,1
2021-10-03 18:56:32,0.04846,1
2021-10-03 18:56:53,0.04846,1
2021-10-03 18:57:14,0.04846,1
2021-10-03 18:57:54,0.04846,1
2021-10-03 18:58:15,0.04846,1
2021-10-03 18:58:22,0.04846,17
2021-10-03 18:58:35,0.04845,1
2021-10-03 18:59:04,0.04846,5
2021-10-03 19:00:44,0.04846,14
2021-10-03 19:01:27,0.04846,4
2021-10-03 19:01:28,0.04846,2
2021-10-03 19:01:56,0.04847,60
2021-10-03 19:05:12,0.04846,17
2021-10-03 19:08:50,0.04846,1
2021-10-03 19:09:11,0.04845,1
2021-10-03 19:09:12,0.04846,1
2021-10-03 19:09:37,0.04845,4
2021-10-03 19:10:22,0.04845,1
2021-10-03 19:10:27,0.04846,1
2021-10-03 19:11:39,0.04846,29
2021-10-03 19:17:07,0.04846,4
2021-10-03 19:20:07,0.04846,1
2021-10-03 19:20:48,0.04847,29
2021-10-03 19:24:59,0.04846,4
2021-10-03 19:30:03,0.04847,1
2021-10-03 19:31:52,0.04846,1
2021-10-03 19:32:24,0.04847,10
2021-10-03 19:45:01,0.04847,13
2021-10-03 19:53:10,0.04846,3
2021-10-03 19:55:41,0.04847,7
2021-10-03 20:00:53,0.04846,1
2021-10-03 20:01:54,0.04846,1
2021-10-03 20:02:12,0.04846,2
2021-10-03 20:02:17,0.04846,1
2021-10-03 20:02:20,0.04846,3
2021-10-03 20:02:26,0.04846,5
2021-10-03 20:02:27,0.04846,3
2021-10-03 20:02:30,0.04846,2
2021-10-03 20:02:31,0.04846,4
2021-10-03 20:03:45,0.04846,1
2021-10-03 20:05:05,0.04845,1
2021-10-03 20:07:21,0.04846,1
2021-10-03 20:09:30,0.04845,4
2021-10-03 20:10:01,0.04846,14
2021-10-03 20:11:01,0.04846,7
2021-10-03 20:12:11,0.04846,2
2021-10-03 20:12:20,0.04846,33
2021-10-03 20:15:04,0.04846,1
2021-10-03 20:15:05,0.04846,2
2021-10-03 20:16:41,0.04845,2
2021-10-03 20:20:18,0.04844,1
2021-10-03 20:35:40,0.04844,42
2021-10-03 20:36:40,0.04843,1
2021-10-03 20:36:43,0.04843,1
2021-10-03 20:36:47,0.04843,1
2021-10-03 20:36:49,0.04843,1
2021-10-03 20:39:03,0.04843,2
2021-10-03 20:40:50,0.04842,2
2021-10-03 20:43:41,0.04841,1
2021-10-03 20:44:33,0.04841,1
2021-10-03 20:44:43,0.04841,69
2021-10-03 20:45:02,0.04841,4
2021-10-03 20:45:04,0.04841,16
2021-10-03 20:45:11,0.04841,8
2021-10-03 20:45:12,0.04841,21
2021-10-03 20:45:22,0.04841,1
2021-10-03 20:45:24,0.04841,3
2021-10-03 20:47:41,0.04841,7
2021-10-03 20:47:51,0.04841,1
2021-10-03 20:48:33,0.04841,41
2021-10-03 20:48:40,0.04841,2
2021-10-03 20:49:17,0.04841,8
2021-10-03 20:51:27,0.04841,23
2021-10-03 20:52:40,0.04841,8
2021-10-03 20:59:48,0.04841,9
2021-10-03 21:01:10,0.04842,45
2021-10-03 21:01:15,0.04842,4
2021-10-03 21:02:31,0.04841,99
2021-10-03 21:02:41,0.0484,1
2021-10-03 21:02:51,0.0484,2
2021-10-03 21:02:58,0.0484,1
2021-10-03 21:05:10,0.04839,5
2021-10-03 21:05:14,0.04839,1
2021-10-03 21:05:19,0.04839,1
2021-10-03 21:06:01,0.04839,1
2021-10-03 21:06:13,0.04839,2
2021-10-03 21:13:40,0.0484,5
2021-10-03 21:14:25,0.0484,10
2021-10-03 21:15:05,0.0484,1
2021-10-03 21:15:24,0.04841,4
2021-10-03 21:15:26,0.04841,13
2021-10-03 21:15:44,0.04841,19
2021-10-03 21:20:41,0.04841,17
2021-10-03 21:21:03,0.04841,8
2021-10-03 21:22:06,0.04841,1
2021-10-03 21:25:35,0.0484,1
2021-10-03 21:28:02,0.0484,1
2021-10-03 21:28:32,0.04841,1
2021-10-03 21:29:47,0.04841,1
2021-10-03 21:30:03,0.04841,1
2021-10-03 21:30:06,0.04841,2
2021-10-03 21:30:07,0.04841,1
2021-10-03 21:30:12,0.04841,1
2021-10-03 21:36:55,0.04839,1
2021-10-03 21:37:04,0.04839,1
2021-10-03 21:37:10,0.04839,1
2021-10-03 21:37:21,0.04839,1
2021-10-03 21:37:22,0.04839,27
2021-10-03 21:37:23,0.04839,1
2021-10-03 21:37:25,0.04839,1
2021-10-03 21:37:31,0.04839,1
2021-10-03 21:38:23,0.04839,38
2021-10-03 21:39:52,0.04839,33
2021-10-03 21:41:47,0.04838,1
2021-10-03 21:42:53,0.04838,88
2021-10-03 21:42:54,0.04838,12
2021-10-03 21:43:23,0.04838,17
2021-10-03 21:44:22,0.04837,1
2021-10-03 21:45:09,0.04838,6
2021-10-03 21:45:42,0.04839,5
2021-10-03 21:45:53,0.04838,1
2021-10-03 21:49:59,0.04838,87
2021-10-03 21:50:00,0.04838,5
2021-10-03 21:50:21,0.04837,1
2021-10-03 21:51:01,0.04837,134
2021-10-03 21:51:03,0.04837,1
2021-10-03 21:55:15,0.04836,7
2021-10-03 21:55:15,0.04835,7
2021-10-03 21:55:42,0.04835,1
2021-10-03 21:55:44,0.04836,2
2021-10-03 21:56:20,0.04836,11
2021-10-03 21:58:00,0.04838,12
2021-10-03 21:58:24,0.04837,1
2021-10-03 22:03:21,0.04837,13
2021-10-03 22:03:36,0.04838,12
2021-10-03 22:05:15,0.04838,5
2021-10-03 22:05:20,0.04838,5
2021-10-03 22:08:43,0.04838,50
2021-10-03 22:10:34,0.04838,12
2021-10-03 22:13:12,0.04839,2
2021-10-03 22:13:14,0.04839,4
2021-10-03 22:14:58,0.04839,2
2021-10-03 22:16:00,0.0484,3
2021-10-03 22:16:14,0.0484,3
2021-10-03 22:16:15,0.0484,1
2021-10-03 22:17:00,0.04839,2
2021-10-03 22:17:12,0.04839,2
2021-10-03 22:17:29,0.04839,2
2021-10-03 22:19:16,0.0484,4
2021-10-03 22:19:17,0.0484,9
2021-10-03 22:19:20,0.0484,1
2021-10-03 22:19:26,0.0484,1
2021-10-03 22:19:30,0.0484,2
2021-10-03 22:19:46,0.0484,2
2021-10-03 22:19:49,0.0484,2
2021-10-03 22:19:50,0.0484,1
2021-10-03 22:19:52,0.0484,1
2021-10-03 22:19:58,0.0484,3
2021-10-03 22:20:01,0.0484,1
2021-10-03 22:20:16,0.0484,2
2021-10-03 22:20:19,0.0484,1
2021-10-03 22:20:21,0.0484,1
2021-10-03 22:20:25,0.0484,1
2021-10-03 22:20:27,0.0484,2
2021-10-03 22:20:30,0.0484,8
2021-10-03 22:22:07,0.0484,2
2021-10-03 22:24:52,0.04839,3
2021-10-03 22:25:29,0.04838,1
2021-10-03 22:29:04,0.04839,19
2021-10-03 22:29:45,0.0484,4
2021-10-03 22:30:22,0.0484,3
2021-10-03 22:30:30,0.0484,2
2021-10-03 22:30:57,0.0484,1
2021-10-03 22:30:59,0.0484,2
2021-10-03 22:33:31,0.0484,11
2021-10-03 22:37:00,0.0484,1
2021-10-03 22:39:47,0.04841,1
2021-10-03 22:40:01,0.04841,4
2021-10-03 22:41:43,0.04842,6
2021-10-03 22:41:53,0.04842,5
2021-10-03 22:43:22,0.04842,1
2021-10-03 22:43:32,0.04842,3
2021-10-03 22:44:02,0.04842,21
2021-10-03 22:44:03,0.04842,1
2021-10-03 22:49:47,0.04841,1
2021-10-03 22:53:19,0.04841,1
2021-10-03 22:55:07,0.04841,26
2021-10-03 22:55:50,0.0484,1
2021-10-03 22:58:22,0.0484,1
2021-10-03 23:00:25,0.04841,10
2021-10-03 23:03:00,0.0484,1
2021-10-03 23:03:02,0.0484,1
2021-10-03 23:03:05,0.0484,3
2021-10-03 23:03:34,0.0484,1
2021-10-03 23:04:57,0.0484,1
2021-10-03 23:06:32,0.04841,3
2021-10-03 23:09:57,0.0484,1
2021-10-03 23:11:02,0.0484,1
2021-10-03 23:11:11,0.0484,6
2021-10-03 23:11:33,0.0484,6
2021-10-03 23:11:42,0.04839,2
2021-10-03 23:11:48,0.04839,4
2021-10-03 23:11:49,0.04839,2
2021-10-03 23:12:09,0.04839,4
2021-10-03 23:12:10,0.04839,6
2021-10-03 23:12:13,0.04839,1
2021-10-03 23:12:16,0.04839,2
2021-10-03 23:12:33,0.04839,1
2021-10-03 23:12:34,0.04839,2
2021-10-03 23:12:37,0.04839,1
2021-10-03 23:12:38,0.0484,2
2021-10-03 23:13:27,0.0484,27
2021-10-03 23:13:39,0.0484,1
2021-10-03 23:13:42,0.0484,1
2021-10-03 23:13:50,0.0484,4
2021-10-03 23:15:04,0.0484,2
2021-10-03 23:15:21,0.04841,2
2021-10-03 23:20:01,0.0484,1
2021-10-03 23:23:56,0.0484,1
2021-10-03 23:25:01,0.0484,1
2021-10-03 23:26:10,0.04841,31
2021-10-03 23:29:57,0.0484,2
2021-10-03 23:37:25,0.0484,1
2021-10-03 23:45:00,0.0484,1
2021-10-03 23:48:06,0.0484,1
2021-10-03 23:48:47,0.0484,1
2021-10-03 23:51:15,0.0484,5
2021-10-03 23:55:01,0.04839,1
2021-10-03 23:55:08,0.04839,1
2021-10-04 00:01:33,0.04839,5
2021-10-04 00:12:48,0.04838,1
2021-10-04 00:15:28,0.04839,1
2021-10-04 00:18:02,0.04839,36
2021-10-04 00:18:50,0.04839,10
2021-10-04 00:20:31,0.0484,2
2021-10-04 00:20:42,0.0484,5
2021-10-04 00:28:32,0.0484,3
2021-10-04 00:28:46,0.0484,2
2021-10-04 00:29:37,0.04839,29
2021-10-04 00:29:57,0.04838,1
2021-10-04 00:30:04,0.04839,1
2021-10-04 00:31:21,0.04839,1
2021-10-04 00:32:16,0.0484,2
2021-10-04 00:32:31,0.04841,1
2021-10-04 00:37:01,0.04841,2
2021-10-04 00:37:11,0.04841,2
2021-10-04 00:39:44,0.04842,2
2021-10-04 00:39:57,0.04841,1
2021-10-04 00:44:43,0.04842,3
2021-10-04 00:45:21,0.04843,5
2021-10-04 00:47:28,0.04843,1
2021-10-04 00:47:29,0.04843,1
2021-10-04 00:47:36,0.04843,1
2021-10-04 00:47:37,0.04843,1
2021-10-04 00:47:44,0.04843,1
2021-10-04 00:47:48,0.04843,5
2021-10-04 00:47:57,0.04843,1
2021-10-04 00:47:58,0.04843,1
2021-10-04 00:48:01,0.04843,10
2021-10-04 00:48:23,0.04843,2
2021-10-04 00:59:52,0.04842,17
2021-10-04 00:59:53,0.04842,3
2021-10-04 01:00:40,0.04842,13
2021-10-04 01:00:56,0.04842,9
2021-10-04 01:01:00,0.04842,6
2021-10-04 01:01:17,0.04843,2
2021-10-04 01:01:24,0.04843,1
2021-10-04 01:01:27,0.04843,46
2021-10-04 01:01:28,0.04843,5
2021-10-04 01:01:29,0.04843,1
2021-10-04 01:01:30,0.04843,1
2021-10-04 01:01:32,0.04843,1
2021-10-04 01:01:34,0.04843,2
2021-10-04 01:01:38,0.04843,1
2021-10-04 01:01:41,0.04843,2
2021-10-04 01:01:42,0.04843,1
2021-10-04 01:03:35,0.04842,39
2021-10-04 01:07:27,0.04841,1
2021-10-04 01:09:43,0.04842,3
2021-10-04 01:10:02,0.04843,5
2021-10-04 01:10:07,0.04843,20
2021-10-04 01:14:07,0.04842,1
2021-10-04 01:16:11,0.04842,1
2021-10-04 01:16:49,0.04842,1
2021-10-04 01:18:18,0.04843,6
2021-10-04 01:20:12,0.04843,1
2021-10-04 01:22:56,0.04843,3
2021-10-04 01:22:59,0.04843,1
2021-10-04 01:27:42,0.04843,1
2021-10-04 01:27:54,0.04843,1
2021-10-04 01:28:03,0.04843,1
2021-10-04 01:30:44,0.04843,1
2021-10-04 01:30:54,0.04843,6
2021-10-04 01:33:01,0.04843,1
2021-10-04 01:33:52,0.04842,2
2021-10-04 01:33:56,0.04842,1
2021-10-04 01:33:57,0.04842,1
2021-10-04 01:34:29,0.04842,4
2021-10-04 01:40:25,0.04842,2
2021-10-04 01:40:45,0.04841,1
2021-10-04 01:40:59,0.04841,2
2021-10-04 01:41:00,0.04841,3
2021-10-04 01:41:01,0.04841,2
2021-10-04 01:41:02,0.04841,1
2021-10-04 01:41:04,0.04841,2
2021-10-04 01:41:07,0.04841,2
2021-10-04 01:41:17,0.04841,7
2021-10-04 01:46:42,0.04841,2
2021-10-04 01:47:13,0.04841,1
2021-10-04 01:47:16,0.04841,1
2021-10-04 01:51:18,0.04842,3
2021-10-04 01:56:12,0.04842,1
2021-10-04 01:57:58,0.04841,1
2021-10-04 02:00:04,0.0484,6
2021-10-04 02:00:05,0.0484,6
2021-10-04 02:00:33,0.04841,5
2021-10-04 02:01:32,0.0484,1
2021-10-04 02:02:53,0.0484,1
2021-10-04 02:03:14,0.0484,13
2021-10-04 02:03:26,0.0484,2
2021-10-04 02:03:59,0.0484,5
2021-10-04 02:04:02,0.0484,3
2021-10-04 02:04:49,0.04839,8
2021-10-04 02:06:51,0.04839,1
2021-10-04 02:07:50,0.04839,2
2021-10-04 02:08:04,0.04839,1
2021-10-04 02:08:06,0.04839,1
2021-10-04 02:09:04,0.04839,7
2021-10-04 02:11:06,0.04839,4
2021-10-04 02:11:08,0.04839,4
2021-10-04 02:11:45,0.04839,10
2021-10-04 02:14:02,0.04839,2
2021-10-04 02:14:39,0.04839,5
2021-10-04 02:14:57,0.04838,1
2021-10-04 02:15:13,0.04838,2
2021-10-04 02:15:26,0.04837,2
2021-10-04 02:15:45,0.04836,52
2021-10-04 02:15:49,0.04836,1
2021-10-04 02:15:50,0.04836,7
2021-10-04 02:15:53,0.04836,1
2021-10-04 02:15:57,0.04836,9
2021-10-04 02:16:07,0.04836,58
2021-10-04 02:16:08,0.04836,17
2021-10-04 02:16:19,0.04836,51
2021-10-04 02:16:47,0.04836,2
2021-10-04 02:17:33,0.04836,24
2021-10-04 02:17:51,0.04836,1
2021-10-04 02:18:32,0.04836,5
2021-10-04 02:19:00,0.04836,1
2021-10-04 02:19:03,0.04836,1
2021-10-04 02:19:52,0.04836,1
2021-10-04 02:20:11,0.04836,1
2021-10-04 02:23:49,0.04836,2
2021-10-04 02:24:17,0.04836,5
2021-10-04 02:25:22,0.04837,9
2021-10-04 02:25:25,0.04837,35
2021-10-04 02:25:26,0.04837,10
2021-10-04 02:26:31,0.04836,1
2021-10-04 02:26:47,0.04837,21
2021-10-04 02:27:45,0.04837,12
2021-10-04 02:27:59,0.04838,2
2021-10-04 02:29:58,0.04838,1
2021-10-04 02:30:03,0.04838,3
2021-10-04 02:30:16,0.04838,38
2021-10-04 02:30:26,0.04839,1
2021-10-04 02:30:31,0.04839,8
2021-10-04 02:30:32,0.04839,1
2021-10-04 02:30:33,0.04839,2
2021-10-04 02:30:40,0.04839,3
2021-10-04 02:30:44,0.04839,2
2021-10-04 02:30:49,0.04839,1
2021-10-04 02:30:50,0.04839,1
2021-10-04 02:30:52,0.04839,1
2021-10-04 02:31:16,0.0484,1
2021-10-04 02:31:32,0.0484,2
2021-10-04 02:31:43,0.0484,34
2021-10-04 02:31:44,0.0484,3
2021-10-04 02:31:45,0.0484,12
2021-10-04 02:31:46,0.0484,12
2021-10-04 02:31:47,0.0484,1
2021-10-04 02:31:58,0.04841,1
2021-10-04 02:32:01,0.04841,2
2021-10-04 02:32:11,0.0484,6
2021-10-04 02:36:25,0.0484,19
2021-10-04 02:36:28,0.0484,7
2021-10-04 02:40:17,0.04841,1
2021-10-04 02:41:02,0.0484,9
2021-10-04 02:41:27,0.0484,29
2021-10-04 02:43:45,0.0484,10
2021-10-04 02:45:11,0.04839,13
2021-10-04 02:45:37,0.04839,12
2021-10-04 02:46:55,0.04839,15
2021-10-04 02:46:55,0.04838,13
2021-10-04 02:47:17,0.04838,6
2021-10-04 02:48:04,0.04838,1
2021-10-04 02:48:19,0.04837,4
2021-10-04 02:49:10,0.04836,91
2021-10-04 02:49:10,0.04835,103
2021-10-04 02:50:43,0.04836,2
2021-10-04 02:52:31,0.04836,63
2021-10-04 02:52:42,0.04836,28
2021-10-04 02:53:01,0.04836,1
2021-10-04 02:53:21,0.04835,152
2021-10-04 02:53:24,0.04834,184
2021-10-04 02:53:33,0.04833,141
2021-10-04 02:54:18,0.04832,21
2021-10-04 02:55:00,0.04832,5
2021-10-04 02:55:05,0.04832,3
2021-10-04 02:55:22,0.04832,12
2021-10-04 02:55:33,0.04832,15
2021-10-04 02:56:41,0.04831,15
2021-10-04 02:56:51,0.04831,9
2021-10-04 02:57:35,0.04831,1
2021-10-04 02:59:45,0.04831,2
2021-10-04 03:00:00,0.04831,5
2021-10-04 03:00:05,0.0483,12
2021-10-04 03:00:10,0.04829,6
2021-10-04 03:00:10,0.04828,6
2021-10-04 03:00:10,0.04829,29
2021-10-04 03:00:14,0.04829,6
2021-10-04 03:00:15,0.04829,1
2021-10-04 03:00:17,0.04829,31
2021-10-04 03:00:26,0.04829,7
2021-10-04 03:00:27,0.04829,1
2021-10-04 03:00:29,0.04829,40
2021-10-04 03:00:31,0.04828,3
2021-10-04 03:00:59,0.04828,2
2021-10-04 03:01:06,0.04828,10
2021-10-04 03:01:29,0.04827,11
2021-10-04 03:01:29,0.04826,2
2021-10-04 03:01:29,0.04827,1
2021-10-04 03:01:34,0.04826,13
2021-10-04 03:01:41,0.04825,16
2021-10-04 03:01:41,0.04824,1
2021-10-04 03:01:47,0.04824,10
2021-10-04 03:01:48,0.04824,4
2021-10-04 03:01:54,0.04824,20
2021-10-04 03:01:55,0.04823,9
2021-10-04 03:02:02,0.04824,7
2021-10-04 03:02:08,0.04823,66
2021-10-04 03:02:10,0.04824,1
2021-10-04 03:02:31,0.04824,24
2021-10-04 03:02:43,0.04824,3
2021-10-04 03:03:22,0.04825,5
2021-10-04 03:04:48,0.04825,8
2021-10-04 03:04:49,0.04825,7
2021-10-04 03:05:09,0.04825,5
2021-10-04 03:05:17,0.04825,1
2021-10-04 03:06:00,0.04825,55
2021-10-04 03:06:10,0.04825,10
2021-10-04 03:06:13,0.04825,39
2021-10-04 03:06:34,0.04824,1
2021-10-04 03:06:44,0.04824,2
2021-10-04 03:06:46,0.04824,81
2021-10-04 03:06:49,0.04824,77
2021-10-04 03:06:54,0.04823,1
2021-10-04 03:07:26,0.04824,6
2021-10-04 03:07:28,0.04825,15
2021-10-04 03:07:28,0.04826,35
2021-10-04 03:07:34,0.04826,11
2021-10-04 03:07:41,0.04827,3
2021-10-04 03:07:49,0.04827,1
2021-10-04 03:08:25,0.04826,8
2021-10-04 03:08:25,0.04825,1
2021-10-04 03:08:40,0.04825,3
2021-10-04 03:08:50,0.04824,1
2021-10-04 03:09:26,0.04825,1
2021-10-04 03:09:35,0.04824,1
2021-10-04 03:09:35,0.04825,3
2021-10-04 03:09:39,0.04825,4
2021-10-04 03:09:51,0.04826,24
2021-10-04 03:09:56,0.04826,2
2021-10-04 03:10:30,0.04827,1
2021-10-04 03:10:36,0.04827,11
2021-10-04 03:10:36,0.04828,1
2021-10-04 03:10:44,0.04828,8
2021-10-04 03:10:51,0.04828,3
2021-10-04 03:10:51,0.04827,27
2021-10-04 03:10:56,0.04826,1
2021-10-04 03:10:58,0.04826,4
2021-10-04 03:10:59,0.04827,1
2021-10-04 03:11:02,0.04827,4
2021-10-04 03:11:47,0.04827,1
2021-10-04 03:11:51,0.04828,16
2021-10-04 03:12:00,0.04828,1
2021-10-04 03:12:02,0.04828,2
2021-10-04 03:12:05,0.04828,1
2021-10-04 03:12:10,0.04828,1
2021-10-04 03:12:13,0.04828,4
2021-10-04 03:12:18,0.04829,3
2021-10-04 03:12:20,0.04829,3
2021-10-04 03:12:20,0.0483,1
2021-10-04 03:12:21,0.04829,1
2021-10-04 03:12:22,0.04829,3
2021-10-04 03:12:30,0.04829,1
2021-10-04 03:12:31,0.04828,2
2021-10-04 03:12:44,0.04829,1
2021-10-04 03:12:48,0.04829,2
2021-10-04 03:12:49,0.04829,1
2021-10-04 03:13:28,0.04829,23
2021-10-04 03:13:38,0.04828,4
2021-10-04 03:14:48,0.04828,8
2021-10-04 03:15:21,0.04829,16
2021-10-04 03:15:24,0.04829,1
2021-10-04 03:15:25,0.04829,1
2021-10-04 03:15:27,0.04829,3
2021-10-04 03:15:30,0.04829,1
2021-10-04 03:15:31,0.04829,13
2021-10-04 03:16:51,0.0483,1
2021-10-04 03:17:06,0.04829,6
2021-10-04 03:17:10,0.04828,6
2021-10-04 03:17:13,0.04827,4
2021-10-04 03:17:47,0.04826,4
2021-10-04 03:17:47,0.04825,31
2021-10-04 03:17:47,0.04826,4
2021-10-04 03:17:47,0.04825,31
2021-10-04 03:17:50,0.04824,3
2021-10-04 03:18:09,0.04824,2
2021-10-04 03:18:29,0.04824,2
2021-10-04 03:18:30,0.04825,7
2021-10-04 03:18:51,0.04825,7
2021-10-04 03:19:14,0.04824,9
2021-10-04 03:19:52,0.04823,2
2021-10-04 03:20:07,0.04824,4
2021-10-04 03:20:08,0.04824,3
2021-10-04 03:20:09,0.04824,3
2021-10-04 03:20:27,0.04824,41
2021-10-04 03:20:38,0.04823,2
2021-10-04 03:20:42,0.04823,58
2021-10-04 03:20:47,0.04823,18
2021-10-04 03:20:57,0.04822,2
2021-10-04 03:21:18,0.04822,4
2021-10-04 03:21:22,0.04823,12
2021-10-04 03:21:35,0.04823,2
2021-10-04 03:22:13,0.04823,3
2021-10-04 03:22:37,0.04823,16
2021-10-04 03:22:56,0.04822,4
2021-10-04 03:23:28,0.04822,5
2021-10-04 03:23:58,0.04821,2
2021-10-04 03:24:00,0.04821,14
2021-10-04 03:24:02,0.04821,101
2021-10-04 03:24:03,0.0482,3
2021-10-04 03:24:09,0.0482,5
2021-10-04 03:24:23,0.0482,4
2021-10-04 03:24:47,0.04819,2
2021-10-04 03:25:08,0.04819,2
2021-10-04 03:25:23,0.04819,1
2021-10-04 03:25:27,0.04819,2
2021-10-04 03:25:40,0.04819,24
2021-10-04 03:25:43,0.04819,43
2021-10-04 03:25:49,0.04819,2
2021-10-04 03:25:55,0.04819,5
2021-10-04 03:26:12,0.04819,36
2021-10-04 03:26:14,0.04818,1
2021-10-04 03:26:16,0.04818,2
2021-10-04 03:26:21,0.04819,6
2021-10-04 03:26:26,0.04819,3
2021-10-04 03:26:44,0.04819,3
2021-10-04 03:27:11,0.04819,13
2021-10-04 03:27:16,0.04819,3
2021-10-04 03:27:18,0.04819,6
2021-10-04 03:27:19,0.04819,20
2021-10-04 03:27:35,0.04819,42
2021-10-04 03:27:36,0.04819,9
2021-10-04 03:27:36,0.04818,2
2021-10-04 03:27:36,0.04819,3
2021-10-04 03:27:46,0.04819,6
2021-10-04 03:27:50,0.04819,1
2021-10-04 03:28:01,0.04819,1
2021-10-04 03:28:07,0.04819,2
2021-10-04 03:28:16,0.0482,23
2021-10-04 03:28:17,0.0482,1
2021-10-04 03:28:32,0.0482,2
2021-10-04 03:28:34,0.0482,31
2021-10-04 03:28:37,0.0482,13
2021-10-04 03:28:42,0.0482,1
2021-10-04 03:28:43,0.0482,8
2021-10-04 03:28:52,0.0482,42
2021-10-04 03:28:53,0.0482,8
2021-10-04 03:28:54,0.0482,1
2021-10-04 03:28:55,0.0482,5
2021-10-04 03:28:56,0.0482,48
2021-10-04 03:29:00,0.04819,5
2021-10-04 03:29:00,0.0482,35
2021-10-04 03:29:00,0.04819,6
2021-10-04 03:29:34,0.0482,19
2021-10-04 03:30:10,0.04819,1
2021-10-04 03:30:21,0.04819,1
2021-10-04 03:30:31,0.04819,7
2021-10-04 03:30:31,0.04818,1
2021-10-04 03:30:36,0.04818,33
2021-10-04 03:30:45,0.04817,20
2021-10-04 03:30:51,0.04816,2
2021-10-04 03:30:53,0.04817,1
2021-10-04 03:30:54,0.04817,4
2021-10-04 03:31:11,0.04817,1
2021-10-04 03:31:21,0.04817,1
2021-10-04 03:31:31,0.04817,2
2021-10-04 03:31:40,0.04817,1
2021-10-04 03:31:52,0.04817,1
2021-10-04 03:32:02,0.04817,2
2021-10-04 03:32:12,0.04817,1
2021-10-04 03:32:22,0.04817,1
2021-10-04 03:32:32,0.04817,1
2021-10-04 03:32:41,0.04818,15
2021-10-04 03:32:42,0.04817,2
2021-10-04 03:32:43,0.04818,28
2021-10-04 03:33:03,0.04817,1
2021-10-04 03:33:04,0.04818,8
2021-10-04 03:33:13,0.04817,2
2021-10-04 03:33:23,0.04817,1
2021-10-04 03:33:30,0.04817,4
2021-10-04 03:33:33,0.04817,11
2021-10-04 03:33:40,0.04817,4
2021-10-04 03:33:43,0.04816,1
2021-10-04 03:33:53,0.04816,2
2021-10-04 03:33:55,0.04816,4
2021-10-04 03:34:02,0.04815,8
2021-10-04 03:34:03,0.04815,2
2021-10-04 03:34:10,0.04815,30
2021-10-04 03:34:13,0.04814,1
2021-10-04 03:34:34,0.04814,1
2021-10-04 03:34:44,0.04814,1
2021-10-04 03:35:04,0.04814,3
2021-10-04 03:35:14,0.04814,2
2021-10-04 03:35:22,0.04815,23
2021-10-04 03:35:34,0.04815,1
2021-10-04 03:35:43,0.04816,12
2021-10-04 03:35:45,0.04816,12
2021-10-04 03:35:47,0.04816,10
2021-10-04 03:35:49,0.04816,8
2021-10-04 03:35:54,0.04815,1
2021-10-04 03:35:55,0.04815,12
2021-10-04 03:36:32,0.04814,1
2021-10-04 03:37:02,0.04814,1
2021-10-04 03:37:14,0.04814,59
2021-10-04 03:37:14,0.04813,11
2021-10-04 03:37:15,0.04813,1
2021-10-04 03:37:30,0.04813,24
2021-10-04 03:37:38,0.04814,91
2021-10-04 03:37:38,0.04813,1
2021-10-04 03:37:41,0.04814,1
2021-10-04 03:37:52,0.04814,3
2021-10-04 03:38:22,0.04815,14
2021-10-04 03:38:34,0.04815,47
2021-10-04 03:38:53,0.04814,1
2021-10-04 03:38:57,0.04815,46
2021-10-04 03:39:00,0.04816,19
2021-10-04 03:39:09,0.04816,1
2021-10-04 03:39:14,0.04816,1
2021-10-04 03:40:14,0.04815,1
2021-10-04 03:40:34,0.04815,1
2021-10-04 03:40:39,0.04816,2
2021-10-04 03:40:42,0.04816,2
2021-10-04 03:41:17,0.04815,22
2021-10-04 03:41:18,0.04815,3
2021-10-04 03:41:32,0.04815,20
2021-10-04 03:41:34,0.04815,34
2021-10-04 03:41:42,0.04814,17
2021-10-04 03:41:55,0.04814,11
2021-10-04 03:42:16,0.04815,22
2021-10-04 03:42:42,0.04814,2
2021-10-04 03:43:08,0.04814,7
2021-10-04 03:43:23,0.04813,1
2021-10-04 03:43:34,0.04813,29
2021-10-04 03:43:47,0.04813,9
2021-10-04 03:44:00,0.04813,49
2021-10-04 03:44:33,0.04813,1
2021-10-04 03:45:01,0.04814,7
2021-10-04 03:45:03,0.04813,1
2021-10-04 03:45:45,0.04813,6
2021-10-04 03:45:57,0.04812,25
2021-10-04 03:46:14,0.04812,1
2021-10-04 03:46:42,0.04813,24
2021-10-04 03:46:44,0.04812,1
2021-10-04 03:47:05,0.04812,1
2021-10-04 03:47:08,0.04813,2
2021-10-04 03:47:10,0.04813,3
2021-10-04 03:47:35,0.04813,1
2021-10-04 03:47:51,0.04814,3
2021-10-04 03:48:00,0.04815,1
2021-10-04 03:48:03,0.04815,5
2021-10-04 03:48:44,0.04815,1
2021-10-04 03:49:14,0.04815,1
2021-10-04 03:49:18,0.04815,36
2021-10-04 03:49:23,0.04815,2
2021-10-04 03:49:27,0.04815,1
2021-10-04 03:49:55,0.04814,1
2021-10-04 03:50:16,0.04814,22
2021-10-04 03:51:15,0.04813,1
2021-10-04 03:51:31,0.04814,11
2021-10-04 03:52:04,0.04814,42
2021-10-04 03:52:17,0.04813,7
2021-10-04 03:52:26,0.04812,1
2021-10-04 03:52:46,0.04812,1
2021-10-04 03:52:51,0.04813,13
2021-10-04 03:53:02,0.04813,1
2021-10-04 03:53:03,0.04813,1
2021-10-04 03:53:46,0.04812,1
2021-10-04 03:53:57,0.04813,5
2021-10-04 03:54:21,0.04813,8
2021-10-04 03:54:41,0.04813,2
2021-10-04 03:54:58,0.04813,5
2021-10-04 03:55:00,0.04813,3
2021-10-04 03:55:21,0.04814,7
2021-10-04 03:57:00,0.04814,2
2021-10-04 03:57:55,0.04813,1
2021-10-04 03:57:56,0.04814,1
2021-10-04 03:58:00,0.04814,1
2021-10-04 03:58:21,0.04815,15
2021-10-04 03:59:09,0.04815,7
2021-10-04 03:59:12,0.04815,1
2021-10-04 03:59:13,0.04815,2
2021-10-04 03:59:18,0.04816,52
2021-10-04 04:00:02,0.04816,11
2021-10-04 04:00:21,0.04817,3
2021-10-04 04:00:30,0.04818,1
2021-10-04 04:00:34,0.04818,2
2021-10-04 04:00:38,0.04818,1
2021-10-04 04:00:39,0.04818,3
2021-10-04 04:00:40,0.04818,1
2021-10-04 04:00:41,0.04818,1
2021-10-04 04:00:48,0.04818,2
2021-10-04 04:01:32,0.04819,2
2021-10-04 04:01:51,0.04819,1
2021-10-04 04:02:06,0.0482,1
2021-10-04 04:02:26,0.04819,10
2021-10-04 04:02:35,0.04818,1
2021-10-04 04:02:40,0.04819,2
2021-10-04 04:02:41,0.04819,2
2021-10-04 04:02:43,0.04819,2
2021-10-04 04:02:45,0.04819,2
2021-10-04 04:02:46,0.04819,1
2021-10-04 04:02:47,0.04819,1
2021-10-04 04:02:48,0.04819,1
2021-10-04 04:02:50,0.04819,5
2021-10-04 04:02:51,0.04819,5
2021-10-04 04:02:55,0.04819,2
2021-10-04 04:03:01,0.04819,2
2021-10-04 04:03:03,0.04819,3
2021-10-04 04:03:16,0.04819,1
2021-10-04 04:05:27,0.04818,7
2021-10-04 04:06:02,0.04819,31
2021-10-04 04:07:02,0.04819,4
2021-10-04 04:07:05,0.0482,16
2021-10-04 04:07:05,0.04821,69
2021-10-04 04:07:05,0.0482,1
2021-10-04 04:07:06,0.04821,4
2021-10-04 04:07:47,0.0482,15
2021-10-04 04:08:02,0.0482,1
2021-10-04 04:09:33,0.0482,1
2021-10-04 04:10:03,0.0482,1
2021-10-04 04:11:14,0.0482,1
2021-10-04 04:14:50,0.0482,2
2021-10-04 04:15:20,0.04821,1
2021-10-04 04:15:49,0.04821,45
2021-10-04 04:18:18,0.04821,1
2021-10-04 04:20:19,0.04821,1
2021-10-04 04:22:23,0.04821,1
2021-10-04 04:23:10,0.0482,44
2021-10-04 04:23:10,0.04819,33
2021-10-04 04:23:36,0.04818,7
2021-10-04 04:25:09,0.04818,60
2021-10-04 04:25:17,0.04819,41
2021-10-04 04:25:28,0.04819,23
2021-10-04 04:25:57,0.04818,2
2021-10-04 04:26:26,0.04817,2
2021-10-04 04:27:07,0.04817,12
2021-10-04 04:27:07,0.04818,68
2021-10-04 04:27:08,0.04818,14
2021-10-04 04:27:28,0.04818,7
2021-10-04 04:28:08,0.04818,46
2021-10-04 04:29:12,0.04818,1
2021-10-04 04:29:13,0.04817,5
2021-10-04 04:29:57,0.04816,2
2021-10-04 04:30:19,0.04816,1
2021-10-04 04:30:33,0.04816,13
2021-10-04 04:30:34,0.04816,2
2021-10-04 04:30:40,0.04816,4
2021-10-04 04:30:42,0.04816,9
2021-10-04 04:30:42,0.04817,52
2021-10-04 04:31:14,0.04817,2
2021-10-04 04:31:20,0.04818,71
2021-10-04 04:31:31,0.04818,1
2021-10-04 04:32:01,0.04819,86
2021-10-04 04:32:03,0.04819,21
2021-10-04 04:32:03,0.04818,6
2021-10-04 04:32:16,0.04818,1
2021-10-04 04:32:55,0.04818,31
2021-10-04 04:33:59,0.04817,2
2021-10-04 04:34:09,0.04816,11
2021-10-04 04:34:10,0.04816,5
2021-10-04 04:34:11,0.04816,1
2021-10-04 04:34:51,0.04814,5
2021-10-04 04:34:56,0.04814,1
2021-10-04 04:35:01,0.04814,1
2021-10-04 04:35:23,0.04814,40
2021-10-04 04:35:30,0.04814,4
2021-10-04 04:36:32,0.04813,20
2021-10-04 04:36:45,0.04814,1
2021-10-04 04:37:33,0.04813,21
2021-10-04 04:37:40,0.04813,3
2021-10-04 04:37:42,0.04812,1
2021-10-04 04:37:55,0.04813,2
2021-10-04 04:37:56,0.04812,4
2021-10-04 04:38:22,0.04812,1
2021-10-04 04:38:24,0.04812,2
2021-10-04 04:38:25,0.04812,1
2021-10-04 04:38:45,0.04812,1
2021-10-04 04:40:03,0.04811,1
2021-10-04 04:40:08,0.04812,8
2021-10-04 04:40:14,0.04811,24
2021-10-04 04:40:18,0.04811,3
2021-10-04 04:40:28,0.04811,3
2021-10-04 04:40:47,0.04812,1
2021-10-04 04:40:48,0.04812,4
2021-10-04 04:40:55,0.04812,1
2021-10-04 04:41:36,0.04811,20
2021-10-04 04:41:53,0.04811,1
2021-10-04 04:41:58,0.0481,41
2021-10-04 04:41:59,0.0481,24
2021-10-04 04:42:00,0.0481,11
2021-10-04 04:42:04,0.0481,1
2021-10-04 04:42:09,0.0481,5
2021-10-04 04:42:28,0.04811,100
2021-10-04 04:42:28,0.0481,6
2021-10-04 04:42:32,0.0481,2
2021-10-04 04:42:33,0.04811,40
2021-10-04 04:42:43,0.0481,1
2021-10-04 04:42:48,0.0481,20
2021-10-04 04:42:49,0.04811,3
2021-10-04 04:43:13,0.0481,1
2021-10-04 04:43:17,0.04811,1
2021-10-04 04:43:23,0.04812,2
2021-10-04 04:43:32,0.04812,2
2021-10-04 04:43:51,0.04812,3
2021-10-04 04:43:54,0.04812,15
2021-10-04 04:44:23,0.04811,1
2021-10-04 04:44:39,0.04811,10
2021-10-04 04:44:44,0.0481,1
2021-10-04 04:45:01,0.0481,5
2021-10-04 04:45:04,0.0481,1
2021-10-04 04:45:24,0.04811,5
2021-10-04 04:45:29,0.0481,15
2021-10-04 04:45:34,0.0481,1
2021-10-04 04:45:36,0.04811,1
2021-10-04 04:46:05,0.0481,2
2021-10-04 04:46:15,0.0481,1
2021-10-04 04:47:05,0.0481,1
2021-10-04 04:47:14,0.04811,10
2021-10-04 04:47:15,0.04811,2
2021-10-04 04:47:25,0.0481,1
2021-10-04 04:47:35,0.0481,1
2021-10-04 04:47:35,0.04811,3
2021-10-04 04:47:50,0.04812,1
2021-10-04 04:47:54,0.04812,1
2021-10-04 04:47:56,0.04811,1
2021-10-04 04:48:21,0.04812,9
2021-10-04 04:48:29,0.04813,1
2021-10-04 04:48:32,0.04813,15
2021-10-04 04:48:33,0.04813,5
2021-10-04 04:48:36,0.04813,8
2021-10-04 04:48:38,0.04813,6
2021-10-04 04:48:40,0.04813,3
2021-10-04 04:48:41,0.04813,3
2021-10-04 04:48:43,0.04813,4
2021-10-04 04:49:04,0.04813,1
2021-10-04 04:49:17,0.04813,2
2021-10-04 04:50:34,0.04812,7
2021-10-04 04:50:35,0.04812,6
2021-10-04 04:50:36,0.04812,5
2021-10-04 04:50:56,0.04813,13
2021-10-04 04:51:25,0.04813,1
2021-10-04 04:51:27,0.04813,2
2021-10-04 04:52:50,0.04814,2
2021-10-04 04:52:50,0.04813,1
2021-10-04 04:52:53,0.04814,5
2021-10-04 04:53:28,0.04814,1
2021-10-04 04:53:48,0.04814,3
2021-10-04 04:54:42,0.04814,1
2021-10-04 04:55:01,0.04814,3
2021-10-04 04:55:53,0.04814,1
2021-10-04 04:57:13,0.04814,2
2021-10-04 04:58:10,0.04815,1
2021-10-04 04:58:14,0.04815,31
2021-10-04 04:58:54,0.04814,1
2021-10-04 04:58:57,0.04815,2
2021-10-04 05:00:03,0.04815,4
2021-10-04 05:00:04,0.04815,3
2021-10-04 05:00:26,0.04816,6
2021-10-04 05:00:30,0.04816,1
2021-10-04 05:00:31,0.04816,1
2021-10-04 05:00:33,0.04816,4
2021-10-04 05:00:40,0.04817,2
2021-10-04 05:00:41,0.04817,2
2021-10-04 05:01:00,0.04817,3
2021-10-04 05:01:00,0.04818,1
2021-10-04 05:01:21,0.04818,1
2021-10-04 05:01:32,0.04818,7
2021-10-04 05:01:33,0.04818,2
2021-10-04 05:02:13,0.04818,3
2021-10-04 05:02:35,0.04819,2
2021-10-04 05:02:52,0.0482,6
2021-10-04 05:02:52,0.04819,2
2021-10-04 05:03:34,0.0482,5
2021-10-04 05:03:44,0.0482,3
2021-10-04 05:03:59,0.04821,23
2021-10-04 05:04:27,0.04821,7
2021-10-04 05:06:31,0.04821,5
2021-10-04 05:06:52,0.04821,8
2021-10-04 05:08:17,0.04821,4
2021-10-04 05:08:35,0.04821,4
2021-10-04 05:08:39,0.0482,4
2021-10-04 05:09:20,0.04819,1
2021-10-04 05:09:36,0.04819,3
2021-10-04 05:09:57,0.04819,10
2021-10-04 05:10:11,0.04819,4
2021-10-04 05:10:35,0.04819,1
2021-10-04 05:11:19,0.04819,1
2021-10-04 05:11:41,0.0482,3
2021-10-04 05:11:59,0.0482,3
2021-10-04 05:13:23,0.0482,9
2021-10-04 05:14:20,0.0482,4
2021-10-04 05:15:04,0.0482,5
2021-10-04 05:15:19,0.0482,18
2021-10-04 05:15:44,0.0482,1
2021-10-04 05:16:16,0.0482,22
2021-10-04 05:16:39,0.0482,14
2021-10-04 05:17:20,0.0482,4
2021-10-04 05:18:37,0.04819,6
2021-10-04 05:19:14,0.04819,4
2021-10-04 05:24:27,0.04819,19
2021-10-04 05:26:26,0.04819,9
2021-10-04 05:26:27,0.0482,2
2021-10-04 05:27:06,0.04819,8
2021-10-04 05:27:45,0.04819,9
2021-10-04 05:28:09,0.04819,1
2021-10-04 05:28:19,0.04818,1
2021-10-04 05:28:24,0.04818,5
2021-10-04 05:29:57,0.04818,1
2021-10-04 05:30:01,0.04818,1
2021-10-04 05:31:46,0.04818,8
2021-10-04 05:33:07,0.04816,1
2021-10-04 05:33:44,0.04816,1
2021-10-04 05:33:49,0.04816,1
2021-10-04 05:34:34,0.04817,16
2021-10-04 05:35:01,0.04817,6
2021-10-04 05:35:35,0.04818,1
2021-10-04 05:38:29,0.04817,1
2021-10-04 05:39:32,0.04817,1
2021-10-04 05:40:07,0.04817,1
2021-10-04 05:40:32,0.04817,1
2021-10-04 05:40:42,0.04818,6
2021-10-04 05:43:26,0.04818,1
2021-10-04 05:44:06,0.04818,1
2021-10-04 05:44:30,0.04818,1
2021-10-04 05:44:35,0.04818,8
2021-10-04 05:44:57,0.04817,1
2021-10-04 05:45:09,0.04818,1
2021-10-04 05:45:10,0.04817,1
2021-10-04 05:45:20,0.04818,2
2021-10-04 05:45:24,0.04818,5
2021-10-04 05:46:04,0.04817,4
2021-10-04 05:47:33,0.04816,1
2021-10-04 05:48:00,0.04817,6
2021-10-04 05:48:29,0.04817,15
2021-10-04 05:48:51,0.04817,2
2021-10-04 05:49:36,0.04817,16
2021-10-04 05:50:36,0.04818,7
2021-10-04 05:50:43,0.04818,2
2021-10-04 05:51:16,0.04818,5
2021-10-04 05:51:35,0.04818,2
2021-10-04 05:52:22,0.04818,19
2021-10-04 05:52:48,0.04817,1
2021-10-04 05:53:36,0.04817,2
2021-10-04 05:54:27,0.04816,4
2021-10-04 05:55:06,0.04815,1
2021-10-04 05:55:07,0.04815,1
2021-10-04 05:55:36,0.04816,15
2021-10-04 05:56:06,0.04816,3
2021-10-04 05:56:07,0.04816,17
2021-10-04 05:56:27,0.04816,3
2021-10-04 05:58:02,0.04816,3
2021-10-04 05:59:56,0.04816,6
2021-10-04 06:03:30,0.04816,9
2021-10-04 06:03:31,0.04816,19
2021-10-04 06:04:03,0.04815,1
2021-10-04 06:04:19,0.04816,1
2021-10-04 06:04:36,0.04816,8
2021-10-04 06:04:51,0.04816,17
2021-10-04 06:05:03,0.04816,1
2021-10-04 06:05:20,0.04815,1
2021-10-04 06:05:21,0.04815,1
2021-10-04 06:06:42,0.04814,3
2021-10-04 06:07:28,0.04814,8
2021-10-04 06:08:37,0.04815,19
2021-10-04 06:09:46,0.04815,5
2021-10-04 06:10:05,0.04815,5
2021-10-04 06:13:21,0.04814,41
2021-10-04 06:13:51,0.04813,12
2021-10-04 06:14:11,0.04814,3
2021-10-04 06:14:26,0.04813,17
2021-10-04 06:14:28,0.04813,23
2021-10-04 06:14:28,0.04812,6
2021-10-04 06:14:37,0.04813,1
2021-10-04 06:15:02,0.04813,3
2021-10-04 06:15:03,0.04813,2
2021-10-04 06:15:30,0.04814,6
2021-10-04 06:16:22,0.04814,4
2021-10-04 06:16:47,0.04814,50
2021-10-04 06:17:09,0.04814,5
2021-10-04 06:17:17,0.04813,22
2021-10-04 06:17:19,0.04812,6
2021-10-04 06:17:30,0.04812,4
2021-10-04 06:17:48,0.04812,2
2021-10-04 06:18:57,0.04813,4
2021-10-04 06:19:14,0.04813,3
2021-10-04 06:19:28,0.04813,1
2021-10-04 06:20:10,0.04812,20
2021-10-04 06:20:10,0.04811,12
2021-10-04 06:20:11,0.04811,2
2021-10-04 06:20:50,0.04811,3
2021-10-04 06:20:51,0.04811,1
2021-10-04 06:21:06,0.04811,1
2021-10-04 06:21:07,0.04811,3
2021-10-04 06:21:07,0.04812,2
2021-10-04 06:21:42,0.04812,1
2021-10-04 06:22:55,0.04811,12
2021-10-04 06:22:56,0.04812,1
2021-10-04 06:26:35,0.04812,6
2021-10-04 06:26:49,0.04812,6
2021-10-04 06:27:07,0.04812,4
2021-10-04 06:29:12,0.04812,7
2021-10-04 06:29:34,0.04812,4
2021-10-04 06:31:00,0.04811,6
2021-10-04 06:31:34,0.04811,1
2021-10-04 06:33:01,0.04811,1
2021-10-04 06:34:03,0.04811,1
2021-10-04 06:34:16,0.04812,1
2021-10-04 06:35:22,0.04811,1
2021-10-04 06:35:30,0.04811,1
2021-10-04 06:36:06,0.04811,1
2021-10-04 06:36:56,0.04811,1
2021-10-04 06:37:05,0.04811,1
2021-10-04 06:38:13,0.04811,4
2021-10-04 06:39:21,0.04811,1
2021-10-04 06:39:51,0.04811,52
2021-10-04 06:40:02,0.04811,9
2021-10-04 06:40:10,0.04811,1
2021-10-04 06:40:46,0.0481,3
2021-10-04 06:40:50,0.0481,35
2021-10-04 06:40:52,0.0481,56
2021-10-04 06:40:53,0.0481,85
2021-10-04 06:40:54,0.0481,60
2021-10-04 06:41:05,0.04809,61
2021-10-04 06:41:05,0.04808,8
2021-10-04 06:41:06,0.04808,4
2021-10-04 06:41:07,0.04808,1
2021-10-04 06:41:08,0.04807,6
2021-10-04 06:41:15,0.04808,1
2021-10-04 06:41:31,0.04808,2
2021-10-04 06:41:34,0.04808,1
2021-10-04 06:41:37,0.04808,1
2021-10-04 06:41:47,0.04808,61
2021-10-04 06:41:59,0.04809,1
2021-10-04 06:42:05,0.04808,21
2021-10-04 06:42:13,0.04809,1
2021-10-04 06:42:23,0.04809,2
2021-10-04 06:42:28,0.04809,10
2021-10-04 06:42:48,0.04809,2
2021-10-04 06:43:02,0.04809,5
2021-10-04 06:43:06,0.04809,1
2021-10-04 06:44:52,0.04809,1
2021-10-04 06:45:11,0.04809,15
2021-10-04 06:45:15,0.04809,7
2021-10-04 06:45:33,0.04808,1
2021-10-04 06:45:45,0.04809,2
2021-10-04 06:47:53,0.04808,1
2021-10-04 06:47:54,0.04809,1
2021-10-04 06:48:19,0.04809,1
2021-10-04 06:48:35,0.04808,1
2021-10-04 06:48:43,0.04809,4
2021-10-04 06:49:48,0.04809,39
2021-10-04 06:49:49,0.04809,6
2021-10-04 06:49:52,0.04809,1
2021-10-04 06:50:03,0.04809,2
2021-10-04 06:50:22,0.04809,8
2021-10-04 06:50:22,0.0481,74
2021-10-04 06:50:22,0.04809,2
2021-10-04 06:50:22,0.0481,41
2021-10-04 06:50:22,0.04809,28
2021-10-04 06:50:23,0.04809,8
2021-10-04 06:50:23,0.0481,7
2021-10-04 06:50:25,0.04811,135
2021-10-04 06:50:29,0.04812,2
2021-10-04 06:50:39,0.04811,46
2021-10-04 06:50:44,0.04811,14
2021-10-04 06:50:54,0.04811,2
2021-10-04 06:52:07,0.04812,1
2021-10-04 06:52:13,0.04812,17
2021-10-04 06:52:22,0.04812,50
2021-10-04 06:52:37,0.04812,83
2021-10-04 06:53:43,0.04812,1
2021-10-04 06:53:57,0.04812,1
2021-10-04 06:53:58,0.04812,1
2021-10-04 06:54:26,0.04812,2
2021-10-04 06:54:33,0.04812,1
2021-10-04 06:54:39,0.04811,9
2021-10-04 06:54:41,0.04811,1
2021-10-04 06:54:41,0.0481,11
2021-10-04 06:54:41,0.04811,1
2021-10-04 06:54:41,0.0481,11
2021-10-04 06:54:49,0.04811,15
2021-10-04 06:54:52,0.04811,1
2021-10-04 06:54:57,0.04811,1
2021-10-04 06:55:15,0.04812,2
2021-10-04 06:55:20,0.04812,2
2021-10-04 06:55:24,0.04812,1
2021-10-04 06:57:46,0.04813,4
2021-10-04 06:57:50,0.04813,9
2021-10-04 06:58:11,0.04813,4
2021-10-04 07:00:04,0.04813,2
2021-10-04 07:01:23,0.04813,4
2021-10-04 07:01:59,0.04812,1
2021-10-04 07:02:45,0.04812,1
2021-10-04 07:03:00,0.04812,1
2021-10-04 07:03:09,0.04812,1
2021-10-04 07:03:42,0.04812,1
2021-10-04 07:03:58,0.04812,1
2021-10-04 07:04:26,0.04812,1
2021-10-04 07:04:30,0.04812,1
2021-10-04 07:04:40,0.04812,1
2021-10-04 07:04:47,0.04812,58
2021-10-04 07:05:07,0.04812,17
2021-10-04 07:05:08,0.04812,1
2021-10-04 07:05:39,0.04812,5
2021-10-04 07:05:40,0.04812,1
2021-10-04 07:05:54,0.04812,11
2021-10-04 07:05:59,0.04812,2
2021-10-04 07:06:08,0.04813,74
2021-10-04 07:06:09,0.04813,1
2021-10-04 07:06:14,0.04813,1
2021-10-04 07:06:22,0.04813,1
2021-10-04 07:06:46,0.04813,1
2021-10-04 07:07:12,0.04814,90
2021-10-04 07:08:10,0.04813,4
2021-10-04 07:08:13,0.04812,5
2021-10-04 07:08:14,0.04812,12
2021-10-04 07:08:15,0.04812,2
2021-10-04 07:08:22,0.04812,7
2021-10-04 07:08:42,0.04812,2
2021-10-04 07:09:50,0.04813,35
2021-10-04 07:09:52,0.04813,1
2021-10-04 07:09:55,0.04814,212
2021-10-04 07:09:56,0.04814,37
2021-10-04 07:09:58,0.04814,7
2021-10-04 07:09:59,0.04814,24
2021-10-04 07:10:04,0.04814,4
2021-10-04 07:10:22,0.04814,32
2021-10-04 07:10:30,0.04813,15
2021-10-04 07:10:32,0.04814,30
2021-10-04 07:10:44,0.04814,1
2021-10-04 07:10:59,0.04815,40
2021-10-04 07:11:00,0.04815,89
2021-10-04 07:11:12,0.04815,1
2021-10-04 07:11:13,0.04815,3
2021-10-04 07:11:15,0.04815,1
2021-10-04 07:11:16,0.04815,2
2021-10-04 07:11:19,0.04815,20
2021-10-04 07:11:21,0.04815,1
2021-10-04 07:11:22,0.04815,3
2021-10-04 07:11:32,0.04815,17
2021-10-04 07:11:45,0.04815,2
2021-10-04 07:11:49,0.04815,24
2021-10-04 07:11:50,0.04815,1
2021-10-04 07:11:58,0.04815,2
2021-10-04 07:11:59,0.04815,1
2021-10-04 07:12:01,0.04815,1
2021-10-04 07:12:12,0.04815,1
2021-10-04 07:12:20,0.04815,2
2021-10-04 07:12:31,0.04815,6
2021-10-04 07:12:40,0.04815,1
2021-10-04 07:12:42,0.04815,5
2021-10-04 07:12:47,0.04815,2
2021-10-04 07:12:52,0.04815,1
2021-10-04 07:12:59,0.04815,56
2021-10-04 07:13:02,0.04815,3
2021-10-04 07:13:56,0.04814,12
2021-10-04 07:14:41,0.04813,10
2021-10-04 07:14:52,0.04813,11
2021-10-04 07:14:55,0.04813,13
2021-10-04 07:14:57,0.04813,1
2021-10-04 07:15:03,0.04813,3
2021-10-04 07:15:22,0.04813,6
2021-10-04 07:16:29,0.04814,1
2021-10-04 07:17:08,0.04814,13
2021-10-04 07:17:13,0.04815,99
2021-10-04 07:17:23,0.04815,22
2021-10-04 07:17:30,0.04815,1
2021-10-04 07:17:58,0.04815,5
2021-10-04 07:18:03,0.04815,1
2021-10-04 07:18:49,0.04815,11
2021-10-04 07:18:50,0.04815,1
2021-10-04 07:18:52,0.04816,55
2021-10-04 07:18:52,0.04815,4
2021-10-04 07:18:53,0.04815,1
2021-10-04 07:19:30,0.04816,30
2021-10-04 07:19:31,0.04816,23
2021-10-04 07:20:02,0.04815,1
2021-10-04 07:20:02,0.04816,19
2021-10-04 07:20:28,0.04816,5
2021-10-04 07:20:29,0.04816,3
2021-10-04 07:20:30,0.04816,1
2021-10-04 07:20:30,0.04815,1
2021-10-04 07:20:30,0.04816,10
2021-10-04 07:20:36,0.04816,9
2021-10-04 07:20:50,0.04816,26
2021-10-04 07:20:58,0.04816,14
2021-10-04 07:21:00,0.04815,2
2021-10-04 07:21:06,0.04816,5
2021-10-04 07:21:06,0.04817,19
2021-10-04 07:21:15,0.04816,2
2021-10-04 07:21:16,0.04816,2
2021-10-04 07:21:17,0.04816,1
2021-10-04 07:21:18,0.04816,1
2021-10-04 07:21:21,0.04816,1
2021-10-04 07:21:22,0.04816,2
2021-10-04 07:21:30,0.04816,1
2021-10-04 07:21:53,0.04816,1
2021-10-04 07:22:03,0.04816,2
2021-10-04 07:22:04,0.04816,5
2021-10-04 07:22:11,0.04816,1
2021-10-04 07:22:23,0.04816,1
2021-10-04 07:22:33,0.04817,17
2021-10-04 07:22:36,0.04818,3
2021-10-04 07:22:41,0.04817,1
2021-10-04 07:22:54,0.04818,6
2021-10-04 07:22:59,0.04818,1
2021-10-04 07:23:02,0.04818,1
2021-10-04 07:23:07,0.04818,1
2021-10-04 07:23:07,0.04817,6
2021-10-04 07:23:07,0.04818,7
2021-10-04 07:23:24,0.04817,4
2021-10-04 07:23:26,0.04817,1
2021-10-04 07:23:27,0.04818,1
2021-10-04 07:23:30,0.04817,1
2021-10-04 07:23:32,0.04817,14
2021-10-04 07:23:37,0.04817,7
2021-10-04 07:23:47,0.04818,13
2021-10-04 07:23:48,0.04818,6
2021-10-04 07:23:49,0.04818,3
2021-10-04 07:23:54,0.04817,5
2021-10-04 07:23:56,0.04818,1
2021-10-04 07:24:00,0.04818,1
2021-10-04 07:24:02,0.04818,2
2021-10-04 07:24:13,0.04818,2
2021-10-04 07:24:20,0.04818,5
2021-10-04 07:24:21,0.04818,1
2021-10-04 07:24:31,0.04818,1
2021-10-04 07:24:32,0.04818,1
2021-10-04 07:24:41,0.04818,1
2021-10-04 07:24:52,0.04818,1
2021-10-04 07:25:01,0.04819,82
2021-10-04 07:25:01,0.04818,4
2021-10-04 07:25:01,0.04819,10
2021-10-04 07:25:49,0.04818,1
2021-10-04 07:26:05,0.04818,1
2021-10-04 07:26:08,0.04818,1
2021-10-04 07:26:09,0.04818,1
2021-10-04 07:26:35,0.04819,1
2021-10-04 07:26:40,0.04819,1
2021-10-04 07:26:46,0.04819,25
2021-10-04 07:26:57,0.04819,1
2021-10-04 07:27:17,0.04818,1
2021-10-04 07:27:54,0.04818,1
2021-10-04 07:28:09,0.04819,3
2021-10-04 07:28:20,0.04819,28
2021-10-04 07:28:26,0.04819,1
2021-10-04 07:28:28,0.04819,10
2021-10-04 07:28:39,0.04819,1
2021-10-04 07:29:02,0.04818,1
2021-10-04 07:29:19,0.04819,2
2021-10-04 07:29:34,0.04818,1
2021-10-04 07:29:36,0.04819,3
2021-10-04 07:31:19,0.04818,1
2021-10-04 07:31:27,0.04818,1
2021-10-04 07:31:37,0.04818,17
2021-10-04 07:32:16,0.04817,1
2021-10-04 07:32:20,0.04817,22
2021-10-04 07:32:41,0.04816,1
2021-10-04 07:32:59,0.04816,1
2021-10-04 07:33:23,0.04816,1
2021-10-04 07:33:29,0.04816,1
2021-10-04 07:34:08,0.04816,1
2021-10-04 07:34:19,0.04816,1
2021-10-04 07:34:22,0.04816,1
2021-10-04 07:34:38,0.04816,1
2021-10-04 07:34:53,0.04816,1
2021-10-04 07:35:00,0.04816,23
2021-10-04 07:35:32,0.04817,1
2021-10-04 07:35:34,0.04816,1
2021-10-04 07:35:40,0.04817,26
2021-10-04 07:35:40,0.04816,1
2021-10-04 07:35:40,0.04817,2
2021-10-04 07:35:46,0.04818,15
2021-10-04 07:36:26,0.04818,2
2021-10-04 07:36:41,0.04818,7
2021-10-04 07:37:48,0.04818,1
2021-10-04 07:39:23,0.04818,1
2021-10-04 07:39:26,0.04818,1
2021-10-04 07:39:34,0.04818,2
2021-10-04 07:40:05,0.04818,1
2021-10-04 07:40:19,0.04819,3
2021-10-04 07:40:37,0.04819,40
2021-10-04 07:41:06,0.04819,1
2021-10-04 07:41:16,0.0482,19
2021-10-04 07:41:33,0.0482,3
2021-10-04 07:41:47,0.0482,3
2021-10-04 07:42:04,0.0482,1
2021-10-04 07:42:36,0.04819,69
2021-10-04 07:42:36,0.04818,1
2021-10-04 07:42:41,0.04818,138
2021-10-04 07:42:43,0.04818,3
2021-10-04 07:43:02,0.04817,1
2021-10-04 07:43:05,0.04817,1
2021-10-04 07:43:07,0.04818,2
2021-10-04 07:43:20,0.04818,48
2021-10-04 07:43:55,0.04819,3
2021-10-04 07:44:09,0.04819,1
2021-10-04 07:44:34,0.04819,1
2021-10-04 07:44:53,0.04819,1
2021-10-04 07:45:39,0.04818,43
2021-10-04 07:46:03,0.04818,1
2021-10-04 07:46:33,0.04819,41
2021-10-04 07:46:34,0.04819,35
2021-10-04 07:46:35,0.04819,18
2021-10-04 07:46:51,0.04819,4
2021-10-04 07:46:52,0.04819,41
2021-10-04 07:47:01,0.04819,2
2021-10-04 07:47:12,0.04819,12
2021-10-04 07:47:15,0.04819,2
2021-10-04 07:47:48,0.04819,5
2021-10-04 07:49:01,0.04818,1
2021-10-04 07:49:11,0.04818,120
2021-10-04 07:49:11,0.04819,21
2021-10-04 07:49:18,0.04819,43
2021-10-04 07:49:40,0.04819,1
2021-10-04 07:49:49,0.04819,17
2021-10-04 07:49:56,0.04819,2
2021-10-04 07:49:59,0.04818,51
2021-10-04 07:50:08,0.04817,1
2021-10-04 07:50:25,0.04818,3
2021-10-04 07:50:35,0.04817,5
2021-10-04 07:50:43,0.04817,1
2021-10-04 07:50:53,0.04817,1
2021-10-04 07:50:54,0.04817,1
2021-10-04 07:51:00,0.04817,1
2021-10-04 07:51:39,0.04817,1
2021-10-04 07:51:43,0.04816,184
2021-10-04 07:51:43,0.04815,52
2021-10-04 07:51:43,0.04816,21
2021-10-04 07:51:43,0.04815,38
2021-10-04 07:51:43,0.04816,27
2021-10-04 07:51:43,0.04815,116
2021-10-04 07:51:43,0.04814,34
2021-10-04 07:51:43,0.04815,8
2021-10-04 07:51:43,0.04814,51
2021-10-04 07:51:43,0.04815,20
2021-10-04 07:51:43,0.04816,40
2021-10-04 07:51:44,0.04816,2
2021-10-04 07:51:49,0.04816,53
2021-10-04 07:52:17,0.04815,1
2021-10-04 07:52:38,0.04816,5
2021-10-04 07:52:43,0.04816,1
2021-10-04 07:52:59,0.04816,3
2021-10-04 07:53:03,0.04816,1
2021-10-04 07:53:05,0.04816,1
2021-10-04 07:55:35,0.04816,1
2021-10-04 07:55:38,0.04815,1
2021-10-04 07:55:43,0.04816,11
2021-10-04 07:55:55,0.04816,1
2021-10-04 07:56:41,0.04817,109
2021-10-04 07:56:52,0.04817,1
2021-10-04 07:56:53,0.04817,1
2021-10-04 07:57:03,0.04818,4
2021-10-04 07:57:17,0.04818,4
2021-10-04 07:57:49,0.04818,31
2021-10-04 07:57:54,0.04818,5
2021-10-04 07:59:12,0.04818,17
2021-10-04 07:59:15,0.04818,1
2021-10-04 07:59:19,0.04818,1
2021-10-04 07:59:22,0.04818,1
2021-10-04 07:59:38,0.04818,1
2021-10-04 07:59:56,0.04818,9
2021-10-04 08:00:03,0.04818,1
2021-10-04 08:00:04,0.04818,2
2021-10-04 08:00:10,0.04818,1
2021-10-04 08:00:19,0.04818,41
2021-10-04 08:00:20,0.04818,1
2021-10-04 08:00:24,0.04818,1
2021-10-04 08:00:33,0.04819,18
2021-10-04 08:00:42,0.04819,1
2021-10-04 08:00:44,0.04819,6
2021-10-04 08:01:00,0.04818,6
2021-10-04 08:01:08,0.04818,28
2021-10-04 08:01:16,0.04818,4
2021-10-04 08:02:00,0.04818,3
2021-10-04 08:02:02,0.04818,1
2021-10-04 08:02:13,0.04818,2
2021-10-04 08:02:14,0.04818,1
2021-10-04 08:02:41,0.04819,24
2021-10-04 08:02:41,0.04818,1
2021-10-04 08:02:41,0.04819,2
2021-10-04 08:03:48,0.04819,1
2021-10-04 08:03:49,0.04819,1
2021-10-04 08:03:51,0.0482,8
2021-10-04 08:03:53,0.0482,1
2021-10-04 08:04:09,0.0482,10
2021-10-04 08:04:59,0.04821,16
2021-10-04 08:05:01,0.04821,1
2021-10-04 08:05:01,0.0482,4
2021-10-04 08:05:06,0.04821,2
2021-10-04 08:05:15,0.04821,3
2021-10-04 08:05:29,0.04821,5
2021-10-04 08:05:49,0.04822,2
2021-10-04 08:05:50,0.04822,13
2021-10-04 08:05:52,0.04822,1
2021-10-04 08:05:52,0.04823,1
2021-10-04 08:06:05,0.04822,9
2021-10-04 08:07:00,0.04823,16
2021-10-04 08:07:11,0.04824,18
2021-10-04 08:07:23,0.04824,65
2021-10-04 08:07:26,0.04824,2
2021-10-04 08:07:43,0.04824,52
2021-10-04 08:07:53,0.04823,3
2021-10-04 08:08:08,0.04824,1
2021-10-04 08:08:11,0.04824,20
2021-10-04 08:08:24,0.04824,2
2021-10-04 08:08:25,0.04824,7
2021-10-04 08:08:31,0.04825,1
2021-10-04 08:09:02,0.04824,1
2021-10-04 08:09:03,0.04824,1
2021-10-04 08:09:07,0.04824,1
2021-10-04 08:09:08,0.04824,1
2021-10-04 08:09:09,0.04824,1
2021-10-04 08:09:27,0.04823,1
2021-10-04 08:09:40,0.04824,59
2021-10-04 08:09:52,0.04825,1
2021-10-04 08:09:52,0.04824,1
2021-10-04 08:10:31,0.04825,1
2021-10-04 08:10:38,0.04825,44
2021-10-04 08:11:18,0.04825,7
2021-10-04 08:11:25,0.04825,3
2021-10-04 08:11:27,0.04825,16
2021-10-04 08:11:42,0.04825,1
2021-10-04 08:11:50,0.04826,25
2021-10-04 08:12:02,0.04826,9
2021-10-04 08:12:04,0.04826,2
2021-10-04 08:12:12,0.04826,37
2021-10-04 08:12:13,0.04826,1
2021-10-04 08:12:21,0.04827,148
2021-10-04 08:12:22,0.04827,10
2021-10-04 08:12:31,0.04827,6
2021-10-04 08:12:35,0.04826,2
2021-10-04 08:12:42,0.04826,1
2021-10-04 08:12:43,0.04827,69
2021-10-04 08:12:45,0.04828,1
2021-10-04 08:12:52,0.04827,2
2021-10-04 08:12:58,0.04827,2
2021-10-04 08:13:00,0.04827,4
2021-10-04 08:13:04,0.04827,3
2021-10-04 08:13:07,0.04827,1
2021-10-04 08:13:08,0.04827,3
2021-10-04 08:13:09,0.04827,1
2021-10-04 08:13:13,0.04827,1
2021-10-04 08:13:15,0.04827,11
2021-10-04 08:13:16,0.04827,1
2021-10-04 08:13:38,0.04827,102
2021-10-04 08:13:41,0.04827,2
2021-10-04 08:13:59,0.04827,1
2021-10-04 08:14:00,0.04827,1
2021-10-04 08:14:02,0.04827,1
2021-10-04 08:14:03,0.04828,1
2021-10-04 08:14:07,0.04827,2
2021-10-04 08:14:18,0.04826,53
2021-10-04 08:14:21,0.04826,1
2021-10-04 08:14:30,0.04826,14
2021-10-04 08:14:49,0.04826,2
2021-10-04 08:15:00,0.04826,4
2021-10-04 08:15:01,0.04825,2
2021-10-04 08:15:11,0.04826,5
2021-10-04 08:15:44,0.04826,4
2021-10-04 08:16:03,0.04825,104
2021-10-04 08:16:10,0.04825,3
2021-10-04 08:16:26,0.04825,15
2021-10-04 08:16:36,0.04826,5
2021-10-04 08:16:37,0.04826,1
2021-10-04 08:17:16,0.04826,53
2021-10-04 08:17:22,0.04826,2
2021-10-04 08:17:40,0.04825,1
2021-10-04 08:18:01,0.04825,29
2021-10-04 08:18:10,0.04825,1
2021-10-04 08:19:52,0.04826,1
2021-10-04 08:19:55,0.04825,4
2021-10-04 08:19:59,0.04825,5
2021-10-04 08:20:00,0.04824,18
2021-10-04 08:20:00,0.04825,2
2021-10-04 08:20:00,0.04824,6
2021-10-04 08:20:00,0.04825,4
2021-10-04 08:20:00,0.04826,2
2021-10-04 08:20:06,0.04825,2
2021-10-04 08:20:07,0.04825,3
2021-10-04 08:20:10,0.04824,1
2021-10-04 08:20:11,0.04825,48
2021-10-04 08:20:11,0.04824,2
2021-10-04 08:20:21,0.04824,1
2021-10-04 08:20:30,0.04825,25
2021-10-04 08:20:41,0.04826,47
2021-10-04 08:20:45,0.04826,27
2021-10-04 08:20:59,0.04825,1
2021-10-04 08:21:02,0.04826,1
2021-10-04 08:21:14,0.04825,1
2021-10-04 08:21:23,0.04825,1
2021-10-04 08:21:24,0.04825,4
2021-10-04 08:21:26,0.04824,1
2021-10-04 08:21:38,0.04824,1
2021-10-04 08:21:52,0.04824,16
2021-10-04 08:21:53,0.04824,2
2021-10-04 08:21:53,0.04823,1
2021-10-04 08:22:03,0.04824,1
2021-10-04 08:22:07,0.04824,1
2021-10-04 08:22:49,0.04823,9
2021-10-04 08:23:06,0.04823,1
2021-10-04 08:23:14,0.04823,1
2021-10-04 08:23:27,0.04823,5
2021-10-04 08:24:03,0.04822,23
2021-10-04 08:24:03,0.04821,43
2021-10-04 08:24:23,0.0482,1
2021-10-04 08:24:35,0.04821,4
2021-10-04 08:25:01,0.04821,50
2021-10-04 08:25:03,0.04822,8
2021-10-04 08:25:14,0.04822,1
2021-10-04 08:25:28,0.04823,1
2021-10-04 08:25:30,0.04823,10
2021-10-04 08:25:41,0.04824,1
2021-10-04 08:25:57,0.04824,8
2021-10-04 08:26:10,0.04824,1
2021-10-04 08:26:19,0.04824,2
2021-10-04 08:26:50,0.04824,22
2021-10-04 08:26:50,0.04825,8
2021-10-04 08:27:33,0.04825,155
2021-10-04 08:28:48,0.04825,3
2021-10-04 08:28:49,0.04825,1
2021-10-04 08:29:12,0.04825,9
2021-10-04 08:29:13,0.04824,21
2021-10-04 08:29:18,0.04824,2
2021-10-04 08:29:21,0.04824,2
2021-10-04 08:29:34,0.04825,3
2021-10-04 08:30:08,0.04824,11
2021-10-04 08:30:10,0.04824,21
2021-10-04 08:30:10,0.04825,21
2021-10-04 08:30:19,0.04825,11
2021-10-04 08:30:20,0.04825,1
2021-10-04 08:30:21,0.04825,2
2021-10-04 08:30:30,0.04825,1
2021-10-04 08:30:34,0.04824,9
2021-10-04 08:30:40,0.04823,9
2021-10-04 08:30:51,0.04823,4
2021-10-04 08:30:55,0.04823,1
2021-10-04 08:31:05,0.04822,4
2021-10-04 08:31:18,0.04823,17
2021-10-04 08:32:11,0.04823,5
2021-10-04 08:32:25,0.04823,9
2021-10-04 08:32:34,0.04823,3
2021-10-04 08:32:59,0.04823,3
2021-10-04 08:33:12,0.04822,1
2021-10-04 08:33:22,0.04822,1
2021-10-04 08:33:23,0.04822,18
2021-10-04 08:33:50,0.04822,6
2021-10-04 08:33:53,0.04822,3
2021-10-04 08:33:55,0.04822,1
2021-10-04 08:34:02,0.04823,3
2021-10-04 08:34:12,0.04823,6
2021-10-04 08:34:14,0.04823,3
2021-10-04 08:34:29,0.04824,7
2021-10-04 08:34:32,0.04824,5
2021-10-04 08:34:33,0.04824,6
2021-10-04 08:35:01,0.04824,1
2021-10-04 08:35:03,0.04824,38
2021-10-04 08:35:28,0.04824,1
2021-10-04 08:35:32,0.04824,7
2021-10-04 08:36:07,0.04824,3
2021-10-04 08:36:08,0.04824,2
2021-10-04 08:36:28,0.04825,10
2021-10-04 08:36:33,0.04824,1
2021-10-04 08:37:19,0.04824,1
2021-10-04 08:37:20,0.04824,1
2021-10-04 08:37:37,0.04825,2
2021-10-04 08:37:47,0.04824,2
2021-10-04 08:37:58,0.04824,8
2021-10-04 08:38:07,0.04823,4
2021-10-04 08:38:13,0.04823,1
2021-10-04 08:38:40,0.04824,17
2021-10-04 08:38:49,0.04824,9
2021-10-04 08:39:25,0.04823,11
2021-10-04 08:40:05,0.04824,46
2021-10-04 08:40:11,0.04825,6
2021-10-04 08:40:17,0.04826,31
2021-10-04 08:40:41,0.04827,13
2021-10-04 08:40:43,0.04827,17
2021-10-04 08:40:53,0.04827,3
2021-10-04 08:41:15,0.04826,2
2021-10-04 08:41:30,0.04826,4
2021-10-04 08:42:10,0.04826,1
2021-10-04 08:43:02,0.04825,4
2021-10-04 08:43:03,0.04825,3
2021-10-04 08:43:10,0.04825,3
2021-10-04 08:43:21,0.04825,5
2021-10-04 08:43:24,0.04826,33
2021-10-04 08:43:28,0.04825,10
2021-10-04 08:43:35,0.04825,5
2021-10-04 08:43:44,0.04825,2
2021-10-04 08:43:46,0.04825,1
2021-10-04 08:43:50,0.04825,1
2021-10-04 08:44:04,0.04826,1
2021-10-04 08:44:10,0.04826,1
2021-10-04 08:44:46,0.04825,4
2021-10-04 08:45:55,0.04825,8
2021-10-04 08:46:01,0.04825,1
2021-10-04 08:46:09,0.04825,17
2021-10-04 08:47:00,0.04826,1
2021-10-04 08:47:02,0.04825,6
2021-10-04 08:47:03,0.04825,1
2021-10-04 08:47:06,0.04825,1
2021-10-04 08:47:11,0.04825,1
2021-10-04 08:47:41,0.04825,3
2021-10-04 08:47:42,0.04826,4
2021-10-04 08:47:51,0.04826,4
2021-10-04 08:48:10,0.04826,1
2021-10-04 08:48:22,0.04825,43
2021-10-04 08:48:23,0.04825,6
2021-10-04 08:48:25,0.04825,1
2021-10-04 08:48:50,0.04825,7
2021-10-04 08:49:01,0.04825,1
2021-10-04 08:49:47,0.04824,27
2021-10-04 08:50:39,0.04824,12
2021-10-04 08:51:06,0.04823,18
2021-10-04 08:51:24,0.04823,4
2021-10-04 08:52:25,0.04823,1
2021-10-04 08:52:28,0.04823,16
2021-10-04 08:52:36,0.04824,1
2021-10-04 08:52:41,0.04824,1
2021-10-04 08:52:50,0.04823,23
2021-10-04 08:53:05,0.04823,1
2021-10-04 08:53:11,0.04824,1
2021-10-04 08:54:18,0.04823,11
2021-10-04 08:54:34,0.04823,1
2021-10-04 08:55:07,0.04823,5
2021-10-04 08:55:24,0.04823,6
2021-10-04 08:55:28,0.04823,1
2021-10-04 08:56:17,0.04822,24
2021-10-04 08:56:32,0.04822,7
2021-10-04 08:56:33,0.04822,1
2021-10-04 08:56:36,0.04821,1
2021-10-04 08:56:55,0.04821,33
2021-10-04 08:57:00,0.04821,3
2021-10-04 08:57:05,0.04822,2
2021-10-04 08:57:50,0.04821,3
2021-10-04 08:58:32,0.04822,7
2021-10-04 08:58:37,0.04822,4
2021-10-04 08:59:34,0.04821,4
2021-10-04 08:59:35,0.04821,1
2021-10-04 08:59:51,0.04821,5
2021-10-04 09:00:04,0.04821,3
2021-10-04 09:00:16,0.04821,2
2021-10-04 09:01:21,0.04821,37
2021-10-04 09:01:42,0.04821,18
2021-10-04 09:02:01,0.04821,2
2021-10-04 09:02:58,0.0482,22
2021-10-04 09:03:04,0.04819,1
2021-10-04 09:03:06,0.04819,1
2021-10-04 09:03:09,0.04818,10
2021-10-04 09:03:16,0.04818,13
2021-10-04 09:03:17,0.04818,2
2021-10-04 09:04:03,0.04818,17
2021-10-04 09:04:43,0.04818,2
2021-10-04 09:04:58,0.04818,25
2021-10-04 09:05:18,0.04818,5
2021-10-04 09:05:50,0.04819,20
2021-10-04 09:05:53,0.04819,1
2021-10-04 09:06:10,0.04819,4
2021-10-04 09:07:31,0.04818,1
2021-10-04 09:07:32,0.04818,10
2021-10-04 09:07:53,0.04817,7
2021-10-04 09:08:34,0.04817,2
2021-10-04 09:08:50,0.04817,4
2021-10-04 09:09:34,0.04816,120
2021-10-04 09:09:36,0.04816,1
2021-10-04 09:09:37,0.04816,2
2021-10-04 09:09:43,0.04815,9
2021-10-04 09:09:51,0.04816,33
2021-10-04 09:09:57,0.04816,3
2021-10-04 09:10:08,0.04816,29
2021-10-04 09:10:10,0.04816,5
2021-10-04 09:10:11,0.04816,22
2021-10-04 09:10:33,0.04816,1
2021-10-04 09:10:40,0.04816,1
2021-10-04 09:10:41,0.04816,6
2021-10-04 09:10:48,0.04816,1
2021-10-04 09:11:13,0.04816,7
2021-10-04 09:11:22,0.04815,80
2021-10-04 09:11:23,0.04816,14
2021-10-04 09:11:24,0.04816,1
2021-10-04 09:11:28,0.04816,4
2021-10-04 09:11:32,0.04816,4
2021-10-04 09:12:01,0.04816,1
2021-10-04 09:12:40,0.04816,1
2021-10-04 09:13:10,0.04817,1
2021-10-04 09:13:44,0.04816,2
2021-10-04 09:13:46,0.04816,12
2021-10-04 09:14:02,0.04816,32
2021-10-04 09:14:04,0.04816,4
2021-10-04 09:14:08,0.04816,75
2021-10-04 09:14:30,0.04817,74
2021-10-04 09:14:33,0.04818,1
2021-10-04 09:14:36,0.04818,22
2021-10-04 09:14:43,0.04818,4
2021-10-04 09:15:04,0.04818,2
2021-10-04 09:15:23,0.04817,2
2021-10-04 09:17:02,0.04817,16
2021-10-04 09:17:26,0.04817,1
2021-10-04 09:17:30,0.04817,1
2021-10-04 09:17:45,0.04817,1
2021-10-04 09:18:02,0.04817,2
2021-10-04 09:19:09,0.04818,15
2021-10-04 09:19:21,0.04818,8
2021-10-04 09:20:01,0.04817,10
2021-10-04 09:20:08,0.04818,1
2021-10-04 09:20:10,0.04819,3
2021-10-04 09:20:18,0.04817,6
2021-10-04 09:20:33,0.04817,3
2021-10-04 09:21:21,0.04818,4
2021-10-04 09:21:34,0.04817,18
2021-10-04 09:21:43,0.04817,24
2021-10-04 09:22:03,0.04818,3
2021-10-04 09:23:13,0.04819,3
2021-10-04 09:24:11,0.0482,18
2021-10-04 09:24:20,0.04819,6
2021-10-04 09:24:32,0.0482,6
2021-10-04 09:24:49,0.0482,69
2021-10-04 09:24:50,0.04819,137
2021-10-04 09:25:10,0.0482,5
2021-10-04 09:26:04,0.0482,20
2021-10-04 09:26:25,0.0482,2
2021-10-04 09:26:42,0.04821,2
2021-10-04 09:27:12,0.04821,7
2021-10-04 09:27:32,0.04821,3
2021-10-04 09:27:48,0.0482,3
2021-10-04 09:28:22,0.04819,1
2021-10-04 09:30:04,0.0482,2
2021-10-04 09:30:10,0.0482,3
2021-10-04 09:30:23,0.0482,20
2021-10-04 09:30:28,0.0482,4
2021-10-04 09:30:51,0.04819,28
2021-10-04 09:30:52,0.04819,16
2021-10-04 09:30:55,0.04819,1
2021-10-04 09:31:23,0.0482,38
2021-10-04 09:31:34,0.0482,5
2021-10-04 09:31:35,0.0482,1
2021-10-04 09:32:01,0.0482,2
2021-10-04 09:32:06,0.0482,43
2021-10-04 09:32:18,0.0482,5
2021-10-04 09:32:31,0.0482,38
2021-10-04 09:32:54,0.04819,6
2021-10-04 09:33:11,0.04818,18
2021-10-04 09:33:17,0.04818,2
2021-10-04 09:33:19,0.04818,17
2021-10-04 09:33:30,0.04818,3
2021-10-04 09:33:40,0.04818,6
2021-10-04 09:33:41,0.04818,5
2021-10-04 09:33:44,0.04818,9
2021-10-04 09:33:52,0.04818,1
2021-10-04 09:33:55,0.04819,7
2021-10-04 09:33:59,0.04819,1
2021-10-04 09:34:02,0.04818,1
2021-10-04 09:34:04,0.04819,1
2021-10-04 09:34:06,0.04819,1
2021-10-04 09:34:12,0.0482,43
2021-10-04 09:34:14,0.0482,9
2021-10-04 09:34:22,0.0482,1
2021-10-04 09:34:24,0.0482,1
2021-10-04 09:34:26,0.0482,4
2021-10-04 09:34:27,0.04819,1
2021-10-04 09:34:27,0.0482,4
2021-10-04 09:34:32,0.0482,1
2021-10-04 09:34:42,0.0482,1
2021-10-04 09:34:47,0.0482,1
2021-10-04 09:34:49,0.0482,1
2021-10-04 09:35:01,0.0482,4
2021-10-04 09:35:06,0.0482,6
2021-10-04 09:35:07,0.0482,4
2021-10-04 09:35:10,0.0482,3
2021-10-04 09:35:37,0.04819,1
2021-10-04 09:35:50,0.04818,53
2021-10-04 09:35:58,0.04818,2
2021-10-04 09:36:05,0.04819,4
2021-10-04 09:36:08,0.04819,1
2021-10-04 09:36:11,0.04819,1
2021-10-04 09:36:12,0.04819,1
2021-10-04 09:36:19,0.04819,1
2021-10-04 09:36:37,0.04819,1
2021-10-04 09:37:12,0.04819,10
2021-10-04 09:37:20,0.04819,2
2021-10-04 09:38:09,0.04819,2
2021-10-04 09:39:04,0.0482,43
2021-10-04 09:40:07,0.04819,1
2021-10-04 09:40:09,0.0482,52
2021-10-04 09:40:10,0.0482,3
2021-10-04 09:40:40,0.04819,9
2021-10-04 09:41:35,0.04818,31
2021-10-04 09:41:35,0.04817,2
2021-10-04 09:41:35,0.04818,28
2021-10-04 09:42:06,0.04817,12
2021-10-04 09:42:07,0.04817,1
2021-10-04 09:42:33,0.04816,6
2021-10-04 09:42:47,0.04816,4
2021-10-04 09:42:57,0.04815,12
2021-10-04 09:43:16,0.04814,65
2021-10-04 09:43:25,0.04814,27
2021-10-04 09:43:26,0.04814,13
2021-10-04 09:43:35,0.04814,1
2021-10-04 09:44:18,0.04813,36
2021-10-04 09:44:18,0.04812,41
2021-10-04 09:44:24,0.04812,12
2021-10-04 09:44:27,0.04812,14
2021-10-04 09:44:27,0.04811,1
2021-10-04 09:44:34,0.04811,15
2021-10-04 09:44:35,0.04811,8
2021-10-04 09:44:35,0.04812,2
2021-10-04 09:44:35,0.04811,1
2021-10-04 09:44:41,0.04811,20
2021-10-04 09:44:43,0.04811,1
2021-10-04 09:44:44,0.04811,2
2021-10-04 09:44:44,0.04812,2
2021-10-04 09:44:45,0.04811,7
2021-10-04 09:44:46,0.04811,1
2021-10-04 09:44:46,0.0481,86
2021-10-04 09:44:46,0.04811,1
2021-10-04 09:44:46,0.0481,56
2021-10-04 09:44:50,0.0481,3
2021-10-04 09:44:52,0.0481,1
2021-10-04 09:44:53,0.04811,3
2021-10-04 09:44:55,0.04811,2
2021-10-04 09:44:57,0.04811,15
2021-10-04 09:44:58,0.04812,1
2021-10-04 09:45:04,0.04812,3
2021-10-04 09:45:05,0.04812,14
2021-10-04 09:45:10,0.04812,3
2021-10-04 09:45:16,0.04812,1
2021-10-04 09:45:17,0.04811,10
2021-10-04 09:45:36,0.0481,14
2021-10-04 09:45:40,0.04809,1
2021-10-04 09:45:46,0.04809,11
2021-10-04 09:45:50,0.0481,21
2021-10-04 09:45:50,0.04811,1
2021-10-04 09:45:51,0.04811,14
2021-10-04 09:45:53,0.0481,21
2021-10-04 09:45:57,0.0481,2
2021-10-04 09:45:58,0.0481,14
2021-10-04 09:46:00,0.0481,2
2021-10-04 09:46:03,0.04809,17
2021-10-04 09:46:04,0.04809,1
2021-10-04 09:46:09,0.04809,3
2021-10-04 09:46:10,0.04809,7
2021-10-04 09:46:17,0.04809,1
2021-10-04 09:46:18,0.04809,3
2021-10-04 09:46:19,0.04809,3
2021-10-04 09:46:23,0.04809,24
2021-10-04 09:46:24,0.04809,14
2021-10-04 09:46:26,0.04809,22
2021-10-04 09:46:27,0.04809,6
2021-10-04 09:46:29,0.04809,2
2021-10-04 09:46:36,0.04809,3
2021-10-04 09:46:39,0.04809,4
2021-10-04 09:46:40,0.04809,4
2021-10-04 09:46:43,0.04809,3
2021-10-04 09:46:58,0.04809,3
2021-10-04 09:47:00,0.04809,17
2021-10-04 09:47:08,0.04809,2
2021-10-04 09:47:12,0.04809,2
2021-10-04 09:47:25,0.04808,67
2021-10-04 09:47:26,0.04808,335
2021-10-04 09:47:37,0.04808,3
2021-10-04 09:47:44,0.04808,2
2021-10-04 09:47:50,0.04808,26
2021-10-04 09:47:51,0.04809,18
2021-10-04 09:47:54,0.04809,4
2021-10-04 09:47:57,0.04809,5
2021-10-04 09:48:00,0.04809,13
2021-10-04 09:48:04,0.04808,6
2021-10-04 09:48:07,0.04808,1
2021-10-04 09:48:10,0.04809,2
2021-10-04 09:48:20,0.04809,6
2021-10-04 09:48:32,0.04809,3
2021-10-04 09:48:33,0.04809,19
2021-10-04 09:48:48,0.0481,34
2021-10-04 09:48:52,0.0481,23
2021-10-04 09:48:53,0.04809,4
2021-10-04 09:48:54,0.04809,3
2021-10-04 09:48:58,0.0481,1
2021-10-04 09:49:04,0.0481,56
2021-10-04 09:49:06,0.0481,7
2021-10-04 09:49:07,0.0481,1
2021-10-04 09:49:09,0.0481,2
2021-10-04 09:49:10,0.0481,2
2021-10-04 09:49:20,0.0481,1
2021-10-04 09:49:21,0.04809,1
2021-10-04 09:49:22,0.04809,2
2021-10-04 09:49:29,0.04808,5
2021-10-04 09:49:35,0.04809,31
2021-10-04 09:49:58,0.0481,14
2021-10-04 09:49:59,0.0481,7
2021-10-04 09:50:05,0.04809,3
2021-10-04 09:50:10,0.04809,7
2021-10-04 09:50:29,0.04809,5
2021-10-04 09:50:35,0.04809,2
2021-10-04 09:50:47,0.04809,3
2021-10-04 09:50:48,0.04809,11
2021-10-04 09:50:51,0.04809,2
2021-10-04 09:50:57,0.04809,1
2021-10-04 09:51:00,0.04809,1
2021-10-04 09:51:01,0.04809,2
2021-10-04 09:51:10,0.04809,1
2021-10-04 09:51:20,0.04808,3
2021-10-04 09:51:25,0.04807,34
2021-10-04 09:51:41,0.04806,1
2021-10-04 09:51:43,0.04806,6
2021-10-04 09:51:48,0.04806,79
2021-10-04 09:51:52,0.04807,9
2021-10-04 09:51:58,0.04807,7
2021-10-04 09:52:01,0.04807,4
2021-10-04 09:52:03,0.04807,1
2021-10-04 09:52:04,0.04807,5
2021-10-04 09:52:08,0.04807,12
2021-10-04 09:52:15,0.04808,2
2021-10-04 09:52:19,0.04807,1
2021-10-04 09:52:20,0.04807,3
2021-10-04 09:52:30,0.04807,1
2021-10-04 09:52:31,0.04807,1
2021-10-04 09:52:32,0.04807,9
2021-10-04 09:52:36,0.04807,33
2021-10-04 09:52:40,0.04807,1
2021-10-04 09:52:42,0.04807,5
2021-10-04 09:53:08,0.04806,3
2021-10-04 09:53:12,0.04806,2
2021-10-04 09:53:54,0.04807,13
2021-10-04 09:53:59,0.04808,6
2021-10-04 09:54:02,0.04808,8
2021-10-04 09:54:21,0.04807,2
2021-10-04 09:54:23,0.04807,2
2021-10-04 09:54:29,0.04807,6
2021-10-04 09:54:29,0.04808,30
2021-10-04 09:54:29,0.04807,1
2021-10-04 09:54:33,0.04807,2
2021-10-04 09:54:34,0.04808,1
2021-10-04 09:54:41,0.04808,51
2021-10-04 09:54:44,0.04808,2
2021-10-04 09:54:53,0.04807,1
2021-10-04 09:55:00,0.04807,35
2021-10-04 09:55:10,0.04807,3
2021-10-04 09:55:21,0.04808,36
2021-10-04 09:55:26,0.04809,27
2021-10-04 09:55:26,0.04808,9
2021-10-04 09:55:31,0.04808,2
2021-10-04 09:55:57,0.04807,1
2021-10-04 09:56:09,0.04808,1
2021-10-04 09:56:47,0.04808,7
2021-10-04 09:57:02,0.04808,3
2021-10-04 09:57:41,0.04807,17
2021-10-04 09:57:53,0.04808,9
2021-10-04 09:57:54,0.04808,3
2021-10-04 09:58:04,0.04807,20
2021-10-04 09:58:15,0.04807,1
2021-10-04 09:58:44,0.04807,1
2021-10-04 09:59:17,0.04808,35
2021-10-04 09:59:24,0.04808,6
2021-10-04 09:59:43,0.04808,6
2021-10-04 09:59:44,0.04809,2
2021-10-04 09:59:45,0.04809,3
2021-10-04 09:59:55,0.04808,1
2021-10-04 10:00:00,0.04808,2
2021-10-04 10:00:02,0.04808,1
2021-10-04 10:00:04,0.04808,1
2021-10-04 10:00:10,0.04809,6
2021-10-04 10:00:10,0.0481,4
2021-10-04 10:00:22,0.0481,1
2021-10-04 10:00:27,0.0481,1
2021-10-04 10:00:44,0.0481,1
2021-10-04 10:02:17,0.04809,6
2021-10-04 10:02:21,0.04808,2
2021-10-04 10:02:24,0.04808,2
2021-10-04 10:02:30,0.04807,1
2021-10-04 10:02:41,0.04808,39
2021-10-04 10:02:48,0.04809,4
2021-10-04 10:03:02,0.04808,21
2021-10-04 10:03:10,0.04808,1
2021-10-04 10:03:12,0.04809,49
2021-10-04 10:03:17,0.04809,3
2021-10-04 10:03:20,0.04809,3
2021-10-04 10:03:35,0.04809,9
2021-10-04 10:03:36,0.0481,2
2021-10-04 10:03:40,0.04809,3
2021-10-04 10:03:45,0.04809,1
2021-10-04 10:03:48,0.04809,1
2021-10-04 10:03:49,0.04809,38
2021-10-04 10:04:18,0.04809,25
2021-10-04 10:04:24,0.04809,3
2021-10-04 10:05:09,0.0481,71
2021-10-04 10:05:14,0.0481,10
2021-10-04 10:05:19,0.0481,3
2021-10-04 10:05:30,0.0481,4
2021-10-04 10:05:38,0.04811,1
2021-10-04 10:05:43,0.0481,86
2021-10-04 10:05:46,0.0481,1
2021-10-04 10:05:48,0.0481,7
2021-10-04 10:05:54,0.04811,55
2021-10-04 10:06:02,0.04812,14
2021-10-04 10:06:03,0.04811,1
2021-10-04 10:06:05,0.04811,3
2021-10-04 10:06:06,0.04811,10
2021-10-04 10:06:07,0.04811,2
2021-10-04 10:06:07,0.0481,1
2021-10-04 10:06:09,0.0481,1
2021-10-04 10:06:09,0.04811,8
2021-10-04 10:06:10,0.0481,3
2021-10-04 10:06:11,0.0481,1
2021-10-04 10:06:11,0.04811,7
2021-10-04 10:06:12,0.0481,2
2021-10-04 10:06:13,0.0481,2
2021-10-04 10:06:14,0.0481,2
2021-10-04 10:06:15,0.04811,9
2021-10-04 10:06:16,0.0481,1
2021-10-04 10:06:17,0.0481,2
2021-10-04 10:06:19,0.0481,2
2021-10-04 10:06:19,0.04811,2
2021-10-04 10:06:19,0.0481,1
2021-10-04 10:06:20,0.0481,2
2021-10-04 10:06:20,0.04811,78
2021-10-04 10:06:21,0.0481,2
2021-10-04 10:06:21,0.04811,1
2021-10-04 10:06:22,0.0481,3
2021-10-04 10:06:23,0.0481,2
2021-10-04 10:06:24,0.0481,19
2021-10-04 10:06:25,0.0481,6
2021-10-04 10:06:26,0.0481,1
2021-10-04 10:06:27,0.0481,1
2021-10-04 10:06:28,0.0481,1
2021-10-04 10:06:29,0.0481,1
2021-10-04 10:06:30,0.0481,3
2021-10-04 10:06:31,0.0481,1
2021-10-04 10:06:33,0.0481,2
2021-10-04 10:06:33,0.04811,45
2021-10-04 10:06:33,0.0481,1
2021-10-04 10:06:34,0.04811,2
2021-10-04 10:06:34,0.0481,2
2021-10-04 10:06:34,0.04811,3
2021-10-04 10:06:34,0.0481,1
2021-10-04 10:06:35,0.04811,1
2021-10-04 10:06:36,0.04811,4
2021-10-04 10:06:36,0.0481,1
2021-10-04 10:06:36,0.04811,2
2021-10-04 10:06:37,0.0481,1
2021-10-04 10:06:37,0.04811,3
2021-10-04 10:06:38,0.0481,1
2021-10-04 10:06:38,0.04811,1
2021-10-04 10:06:40,0.04811,4
2021-10-04 10:06:41,0.04811,1
2021-10-04 10:06:43,0.04811,77
2021-10-04 10:06:44,0.04811,2
2021-10-04 10:06:45,0.04811,3
2021-10-04 10:06:47,0.04811,1
2021-10-04 10:06:48,0.04811,1
2021-10-04 10:06:49,0.04811,1
2021-10-04 10:06:51,0.04811,22
2021-10-04 10:06:53,0.0481,1
2021-10-04 10:06:54,0.0481,1
2021-10-04 10:06:55,0.04811,7
2021-10-04 10:06:56,0.04811,1
2021-10-04 10:06:57,0.04811,1
2021-10-04 10:06:59,0.04811,3
2021-10-04 10:07:01,0.04811,1
2021-10-04 10:07:03,0.04811,1
2021-10-04 10:07:04,0.04811,1
2021-10-04 10:07:04,0.04812,58
2021-10-04 10:07:06,0.04812,1
2021-10-04 10:07:07,0.04812,4
2021-10-04 10:07:07,0.04811,2
2021-10-04 10:07:09,0.04811,2
2021-10-04 10:07:12,0.04811,1
2021-10-04 10:07:14,0.04811,1
2021-10-04 10:07:15,0.04811,1
2021-10-04 10:07:15,0.04812,9
2021-10-04 10:07:17,0.04812,1
2021-10-04 10:07:18,0.04812,2
2021-10-04 10:07:19,0.04812,1
2021-10-04 10:07:20,0.04812,2
2021-10-04 10:07:22,0.04811,2
2021-10-04 10:07:25,0.04812,1
2021-10-04 10:07:27,0.04813,10
2021-10-04 10:07:27,0.04812,1
2021-10-04 10:07:29,0.04813,1
2021-10-04 10:07:30,0.04813,7
2021-10-04 10:07:32,0.04813,2
2021-10-04 10:07:32,0.04812,1
2021-10-04 10:07:32,0.04813,14
2021-10-04 10:07:33,0.04813,8
2021-10-04 10:07:34,0.04813,12
2021-10-04 10:07:34,0.04812,4
2021-10-04 10:07:34,0.04813,6
2021-10-04 10:07:34,0.04812,19
2021-10-04 10:07:34,0.04813,50
2021-10-04 10:07:34,0.04812,19
2021-10-04 10:07:34,0.04813,20
2021-10-04 10:07:34,0.04812,1
2021-10-04 10:07:35,0.04813,2
2021-10-04 10:07:35,0.04812,1
2021-10-04 10:07:38,0.04812,2
2021-10-04 10:07:41,0.04813,1
2021-10-04 10:07:44,0.04812,1
2021-10-04 10:07:47,0.04813,2
2021-10-04 10:07:51,0.04813,1
2021-10-04 10:07:52,0.04812,2
2021-10-04 10:07:52,0.04813,13
2021-10-04 10:07:53,0.04812,1
2021-10-04 10:07:56,0.04812,1
2021-10-04 10:07:58,0.04812,1
2021-10-04 10:07:59,0.04812,1
2021-10-04 10:08:03,0.04812,1
2021-10-04 10:08:06,0.04812,1
2021-10-04 10:08:07,0.04813,5
2021-10-04 10:08:10,0.04812,1
2021-10-04 10:08:11,0.04812,1
2021-10-04 10:08:12,0.04812,1
2021-10-04 10:08:16,0.04812,1
2021-10-04 10:08:19,0.04812,1
2021-10-04 10:08:23,0.04812,3
2021-10-04 10:08:26,0.04812,2
2021-10-04 10:08:30,0.04812,1
2021-10-04 10:08:31,0.04813,7
2021-10-04 10:08:34,0.04812,1
2021-10-04 10:08:37,0.04814,1
2021-10-04 10:08:38,0.04813,2
2021-10-04 10:08:39,0.04813,3
2021-10-04 10:08:42,0.04812,1
2021-10-04 10:08:46,0.04812,1
2021-10-04 10:08:47,0.04812,1
2021-10-04 10:08:49,0.04812,1
2021-10-04 10:08:51,0.04812,1
2021-10-04 10:08:52,0.04812,5
2021-10-04 10:08:53,0.04811,1
2021-10-04 10:08:53,0.04812,6
2021-10-04 10:08:57,0.04812,1
2021-10-04 10:09:02,0.04812,1
2021-10-04 10:09:06,0.04812,1
2021-10-04 10:09:11,0.04812,1
2021-10-04 10:09:16,0.04812,2
2021-10-04 10:09:17,0.04813,11
2021-10-04 10:09:20,0.04812,1
2021-10-04 10:09:25,0.04812,1
2021-10-04 10:09:29,0.04812,1
2021-10-04 10:09:34,0.04812,1
2021-10-04 10:09:39,0.04812,1
2021-10-04 10:09:44,0.04812,1
2021-10-04 10:09:49,0.04812,1
2021-10-04 10:09:54,0.04812,1
2021-10-04 10:10:00,0.04812,1
2021-10-04 10:10:06,0.04812,2
2021-10-04 10:10:10,0.04813,3
2021-10-04 10:10:11,0.04812,1
2021-10-04 10:10:17,0.04812,1
2021-10-04 10:10:23,0.04812,1
2021-10-04 10:10:30,0.04812,1
2021-10-04 10:10:33,0.04813,2
2021-10-04 10:10:37,0.04812,1
2021-10-04 10:10:43,0.04812,1
2021-10-04 10:10:49,0.04812,1
2021-10-04 10:10:55,0.04812,5
2021-10-04 10:10:57,0.04811,1
2021-10-04 10:11:00,0.04812,3
2021-10-04 10:11:01,0.04812,7
2021-10-04 10:11:04,0.04812,1
2021-10-04 10:11:12,0.04812,1
2021-10-04 10:11:19,0.04812,1
2021-10-04 10:11:21,0.04813,1
2021-10-04 10:11:28,0.04811,1
2021-10-04 10:11:36,0.04811,5
2021-10-04 10:11:42,0.04812,39
2021-10-04 10:11:43,0.04812,5
2021-10-04 10:11:45,0.04812,2
2021-10-04 10:11:47,0.04812,1
2021-10-04 10:11:54,0.04812,1
2021-10-04 10:12:04,0.04811,1
2021-10-04 10:12:14,0.04811,1
2021-10-04 10:12:24,0.04811,1
2021-10-04 10:12:36,0.04811,1
2021-10-04 10:12:48,0.04811,2
2021-10-04 10:13:00,0.04811,1
2021-10-04 10:13:13,0.04811,1
2021-10-04 10:13:22,0.04812,30
2021-10-04 10:13:26,0.04812,8
2021-10-04 10:13:27,0.04812,1
2021-10-04 10:13:42,0.04812,1
2021-10-04 10:13:47,0.04812,2
2021-10-04 10:13:58,0.04812,1
2021-10-04 10:14:00,0.04812,4
2021-10-04 10:14:15,0.04812,1
2021-10-04 10:14:32,0.04813,18
2021-10-04 10:14:34,0.04813,1
2021-10-04 10:14:36,0.04813,1
2021-10-04 10:14:43,0.04813,4
2021-10-04 10:14:50,0.04813,1
2021-10-04 10:14:53,0.04813,2
2021-10-04 10:14:55,0.04812,1
2021-10-04 10:14:57,0.04813,6
2021-10-04 10:14:58,0.04813,1
2021-10-04 10:15:01,0.04813,4
2021-10-04 10:15:11,0.04814,3
2021-10-04 10:15:17,0.04813,1
2021-10-04 10:15:27,0.04813,1
2021-10-04 10:15:43,0.04813,1
2021-10-04 10:16:00,0.04813,5
2021-10-04 10:16:01,0.04813,3
2021-10-04 10:16:02,0.04813,29
2021-10-04 10:16:12,0.04813,1
2021-10-04 10:16:23,0.04814,1
2021-10-04 10:16:46,0.04813,1
2021-10-04 10:16:47,0.04814,1
2021-10-04 10:17:04,0.04814,65
2021-10-04 10:17:06,0.04815,1
2021-10-04 10:17:20,0.04814,1
2021-10-04 10:17:25,0.04814,1
2021-10-04 10:17:25,0.04815,148
2021-10-04 10:17:56,0.04815,28
2021-10-04 10:18:00,0.04815,24
2021-10-04 10:18:14,0.04814,1
2021-10-04 10:18:16,0.04814,80
2021-10-04 10:18:24,0.04814,96
2021-10-04 10:18:25,0.04814,41
2021-10-04 10:18:37,0.04814,85
2021-10-04 10:18:39,0.04813,1
2021-10-04 10:18:52,0.04813,1
2021-10-04 10:18:59,0.04813,2
2021-10-04 10:19:12,0.04812,12
2021-10-04 10:19:15,0.04811,1
2021-10-04 10:19:20,0.04812,52
2021-10-04 10:19:21,0.04812,5
2021-10-04 10:19:22,0.04812,13
2021-10-04 10:19:31,0.04813,1
2021-10-04 10:19:53,0.04812,4
2021-10-04 10:20:05,0.04812,5
2021-10-04 10:20:23,0.04812,10
2021-10-04 10:20:31,0.04812,2
2021-10-04 10:20:34,0.04812,8
2021-10-04 10:20:43,0.04812,1
2021-10-04 10:20:49,0.04812,2
2021-10-04 10:21:12,0.04813,16
2021-10-04 10:21:13,0.04813,2
2021-10-04 10:21:17,0.04813,3
2021-10-04 10:21:35,0.04814,18
2021-10-04 10:21:37,0.04814,2
2021-10-04 10:21:39,0.04814,3
2021-10-04 10:21:45,0.04814,2
2021-10-04 10:21:49,0.04813,3
2021-10-04 10:22:00,0.04814,5
2021-10-04 10:22:01,0.04814,12
2021-10-04 10:22:14,0.04815,1
2021-10-04 10:22:17,0.04814,8
2021-10-04 10:22:25,0.04814,5
2021-10-04 10:22:42,0.04814,1
2021-10-04 10:23:00,0.04814,9
2021-10-04 10:23:13,0.04813,5
2021-10-04 10:23:15,0.04813,50
2021-10-04 10:23:36,0.04814,11
2021-10-04 10:23:57,0.04814,22
2021-10-04 10:24:00,0.04814,3
2021-10-04 10:24:20,0.04814,1
2021-10-04 10:24:45,0.04814,7
2021-10-04 10:24:46,0.04813,1
2021-10-04 10:24:52,0.04813,20
2021-10-04 10:24:52,0.04814,68
2021-10-04 10:25:03,0.04815,58
2021-10-04 10:25:06,0.04815,9
2021-10-04 10:25:09,0.04815,5
2021-10-04 10:25:12,0.04814,5
2021-10-04 10:25:30,0.04814,4
2021-10-04 10:25:42,0.04814,2
2021-10-04 10:25:46,0.04815,15
2021-10-04 10:25:47,0.04815,21
2021-10-04 10:25:56,0.04814,19
2021-10-04 10:25:57,0.04814,2
2021-10-04 10:26:01,0.04814,2
2021-10-04 10:26:07,0.04814,19
2021-10-04 10:26:09,0.04814,15
2021-10-04 10:26:11,0.04814,7
2021-10-04 10:26:22,0.04814,6
2021-10-04 10:26:30,0.04813,93
2021-10-04 10:26:41,0.04813,1
2021-10-04 10:26:42,0.04813,58
2021-10-04 10:27:08,0.04812,1
2021-10-04 10:27:09,0.04812,2
2021-10-04 10:27:12,0.04812,12
2021-10-04 10:27:28,0.04812,1
2021-10-04 10:27:48,0.04812,19
2021-10-04 10:28:00,0.04812,4
2021-10-04 10:28:19,0.04811,1
2021-10-04 10:28:30,0.04811,5
2021-10-04 10:28:31,0.04811,10
2021-10-04 10:28:36,0.04811,44
2021-10-04 10:28:54,0.04811,41
2021-10-04 10:29:09,0.04811,8
2021-10-04 10:29:13,0.0481,8
2021-10-04 10:29:14,0.0481,3
2021-10-04 10:29:32,0.0481,7
2021-10-04 10:29:41,0.0481,6
2021-10-04 10:29:52,0.0481,1
2021-10-04 10:29:55,0.04809,40
2021-10-04 10:29:59,0.04809,14
2021-10-04 10:30:00,0.04809,1
2021-10-04 10:30:16,0.0481,12
2021-10-04 10:30:23,0.04809,6
2021-10-04 10:30:37,0.04809,4
2021-10-04 10:30:39,0.04809,2
2021-10-04 10:30:59,0.04809,7
2021-10-04 10:31:00,0.04809,2
2021-10-04 10:31:19,0.0481,12
2021-10-04 10:31:30,0.0481,60
2021-10-04 10:31:42,0.0481,12
2021-10-04 10:31:56,0.04811,10
2021-10-04 10:32:02,0.04811,7
2021-10-04 10:32:02,0.04812,1
2021-10-04 10:32:25,0.04811,5
2021-10-04 10:32:32,0.04812,24
2021-10-04 10:32:47,0.04812,1
2021-10-04 10:33:00,0.04812,1
2021-10-04 10:33:06,0.04812,16
2021-10-04 10:33:10,0.04812,5
2021-10-04 10:33:15,0.04812,4
2021-10-04 10:33:29,0.04812,8
2021-10-04 10:33:29,0.04811,2
2021-10-04 10:33:33,0.04811,3
2021-10-04 10:33:34,0.04811,99
2021-10-04 10:33:50,0.04812,23
2021-10-04 10:33:52,0.04812,11
2021-10-04 10:34:01,0.04812,14
2021-10-04 10:34:01,0.04813,134
2021-10-04 10:34:01,0.04814,265
2021-10-04 10:34:01,0.04815,96
2021-10-04 10:34:01,0.04814,105
2021-10-04 10:34:01,0.04813,1
2021-10-04 10:34:01,0.04814,20
2021-10-04 10:34:01,0.04815,15
2021-10-04 10:34:01,0.04814,35
2021-10-04 10:34:01,0.04813,60
2021-10-04 10:34:01,0.04814,48
2021-10-04 10:34:01,0.04813,101
2021-10-04 10:34:01,0.04814,130
2021-10-04 10:34:02,0.04814,13
2021-10-04 10:34:06,0.04813,4
2021-10-04 10:34:19,0.04814,7
2021-10-04 10:34:28,0.04814,8
2021-10-04 10:34:28,0.04813,5
2021-10-04 10:34:32,0.04813,1
2021-10-04 10:34:57,0.04814,54
2021-10-04 10:34:59,0.04814,8
2021-10-04 10:35:00,0.04814,38
2021-10-04 10:35:05,0.04813,60
2021-10-04 10:35:15,0.04813,40
2021-10-04 10:35:16,0.04813,2
2021-10-04 10:35:17,0.04814,47
2021-10-04 10:35:20,0.04814,34
2021-10-04 10:35:21,0.04814,2
2021-10-04 10:35:22,0.04814,5
2021-10-04 10:35:25,0.04814,2
2021-10-04 10:35:26,0.04814,67
2021-10-04 10:35:33,0.04813,3
2021-10-04 10:35:38,0.04813,14
2021-10-04 10:35:39,0.04813,8
2021-10-04 10:35:49,0.04813,20
2021-10-04 10:35:50,0.04813,1
2021-10-04 10:35:51,0.04814,1
2021-10-04 10:35:55,0.04813,1
2021-10-04 10:35:59,0.04812,29
2021-10-04 10:36:01,0.04812,24
2021-10-04 10:36:04,0.04812,1
2021-10-04 10:36:28,0.04812,41
2021-10-04 10:36:32,0.04813,26
2021-10-04 10:36:33,0.04814,17
2021-10-04 10:36:36,0.04814,5
2021-10-04 10:36:43,0.04813,6
2021-10-04 10:37:05,0.04813,1
2021-10-04 10:37:08,0.04813,19
2021-10-04 10:37:09,0.04813,6
2021-10-04 10:37:30,0.04813,1
2021-10-04 10:37:35,0.04813,2
2021-10-04 10:37:47,0.04813,6
2021-10-04 10:37:50,0.04813,3
2021-10-04 10:37:52,0.04813,3
2021-10-04 10:37:56,0.04813,3
2021-10-04 10:38:11,0.04813,8
2021-10-04 10:38:19,0.04813,8
2021-10-04 10:38:27,0.04813,22
2021-10-04 10:38:27,0.04812,1
2021-10-04 10:38:27,0.04813,1
2021-10-04 10:38:38,0.04813,4
2021-10-04 10:38:59,0.04812,24
2021-10-04 10:39:01,0.04812,12
2021-10-04 10:39:06,0.04813,78
2021-10-04 10:39:15,0.04813,2
2021-10-04 10:39:16,0.04813,2
2021-10-04 10:39:32,0.04814,29
2021-10-04 10:39:37,0.04814,6
2021-10-04 10:39:42,0.04814,1
2021-10-04 10:40:05,0.04814,4
2021-10-04 10:40:07,0.04814,1
2021-10-04 10:40:09,0.04814,1
2021-10-04 10:40:14,0.04814,2
2021-10-04 10:40:19,0.04814,1
2021-10-04 10:40:26,0.04814,2
2021-10-04 10:40:38,0.04814,4
2021-10-04 10:40:39,0.04814,2
2021-10-04 10:40:44,0.04814,80
2021-10-04 10:40:55,0.04814,3
2021-10-04 10:41:06,0.04814,5
2021-10-04 10:41:12,0.04814,5
2021-10-04 10:41:13,0.04814,5
2021-10-04 10:41:17,0.04814,1
2021-10-04 10:41:27,0.04814,1
2021-10-04 10:41:30,0.04814,2
2021-10-04 10:41:32,0.04814,1
2021-10-04 10:41:47,0.04814,1
2021-10-04 10:41:52,0.04814,9
2021-10-04 10:41:53,0.04814,5
2021-10-04 10:42:00,0.04814,1
2021-10-04 10:43:06,0.04813,6
2021-10-04 10:43:07,0.04813,61
2021-10-04 10:43:08,0.04813,30
2021-10-04 10:43:18,0.04813,1
2021-10-04 10:44:00,0.04812,1
2021-10-04 10:44:17,0.04812,5
2021-10-04 10:44:51,0.04812,13
2021-10-04 10:45:04,0.04811,60
2021-10-04 10:45:35,0.04812,1
2021-10-04 10:46:44,0.04812,1
2021-10-04 10:46:48,0.04812,1
2021-10-04 10:47:11,0.04812,5
2021-10-04 10:47:19,0.04811,1
2021-10-04 10:47:22,0.04811,1
2021-10-04 10:48:05,0.04812,46
2021-10-04 10:48:10,0.04813,9
2021-10-04 10:48:11,0.04813,1
2021-10-04 10:48:23,0.04812,4
2021-10-04 10:48:24,0.04812,2
2021-10-04 10:49:28,0.04813,1
2021-10-04 10:49:33,0.04812,1
2021-10-04 10:49:37,0.04812,3
2021-10-04 10:49:51,0.04812,11
2021-10-04 10:50:21,0.04812,4
2021-10-04 10:51:03,0.04811,8
2021-10-04 10:51:12,0.0481,28
2021-10-04 10:51:44,0.04809,105
2021-10-04 10:51:50,0.04808,30
2021-10-04 10:51:51,0.04808,4
2021-10-04 10:52:11,0.04808,1
2021-10-04 10:52:11,0.04807,9
2021-10-04 10:52:18,0.04806,8
2021-10-04 10:53:01,0.04806,8
2021-10-04 10:53:12,0.04805,7
2021-10-04 10:53:16,0.04805,150
2021-10-04 10:53:23,0.04805,2
2021-10-04 10:53:26,0.04805,3
2021-10-04 10:53:29,0.04805,1
2021-10-04 10:53:37,0.04804,1
2021-10-04 10:53:38,0.04804,8
2021-10-04 10:53:39,0.04804,45
2021-10-04 10:53:49,0.04803,1
2021-10-04 10:53:52,0.04803,26
2021-10-04 10:54:01,0.04802,11
2021-10-04 10:54:05,0.04802,2
2021-10-04 10:54:18,0.04802,1
2021-10-04 10:54:22,0.04803,74
2021-10-04 10:54:53,0.04803,1
2021-10-04 10:55:02,0.04802,8
2021-10-04 10:55:07,0.04802,1
2021-10-04 10:55:08,0.04802,5
2021-10-04 10:55:12,0.04801,24
2021-10-04 10:55:19,0.04801,2
2021-10-04 10:55:21,0.04801,3
2021-10-04 10:55:22,0.04801,3
2021-10-04 10:55:22,0.04802,1
2021-10-04 10:55:22,0.04801,2
2021-10-04 10:55:24,0.04802,1
2021-10-04 10:55:34,0.04801,51
2021-10-04 10:55:35,0.04801,2
2021-10-04 10:55:38,0.04801,1
2021-10-04 10:55:40,0.048,10
2021-10-04 10:55:41,0.048,2
2021-10-04 10:55:52,0.048,54
2021-10-04 10:55:53,0.048,5
2021-10-04 10:55:54,0.048,17
2021-10-04 10:56:02,0.048,1
2021-10-04 10:56:11,0.048,39
2021-10-04 10:56:11,0.04801,10
2021-10-04 10:56:17,0.04802,25
2021-10-04 10:56:17,0.04803,132
2021-10-04 10:56:18,0.04804,78
2021-10-04 10:56:19,0.04803,12
2021-10-04 10:56:20,0.04803,10
2021-10-04 10:56:21,0.04803,3
2021-10-04 10:56:31,0.04804,6
2021-10-04 10:56:35,0.04804,1
2021-10-04 10:56:36,0.04804,4
2021-10-04 10:56:39,0.04804,7
2021-10-04 10:56:49,0.04805,37
2021-10-04 10:56:55,0.04805,2
2021-10-04 10:57:01,0.04804,4
2021-10-04 10:57:04,0.04804,30
2021-10-04 10:57:07,0.04804,1
2021-10-04 10:57:11,0.04805,13
2021-10-04 10:57:12,0.04805,8
2021-10-04 10:57:17,0.04805,1
2021-10-04 10:57:21,0.04805,10
2021-10-04 10:57:35,0.04805,5
2021-10-04 10:57:37,0.04805,44
2021-10-04 10:57:38,0.04805,2
2021-10-04 10:58:13,0.04806,7
2021-10-04 10:58:31,0.04806,1
2021-10-04 10:58:44,0.04806,3
2021-10-04 10:58:48,0.04807,4
2021-10-04 10:58:49,0.04807,3
2021-10-04 10:58:55,0.04807,1
2021-10-04 10:59:13,0.04808,42
2021-10-04 10:59:47,0.04807,2
2021-10-04 10:59:48,0.04807,2
2021-10-04 11:00:00,0.04805,9
2021-10-04 11:00:01,0.04805,11
2021-10-04 11:00:02,0.04805,8
2021-10-04 11:00:04,0.04805,2
2021-10-04 11:00:05,0.04806,1
2021-10-04 11:00:21,0.04805,3
2021-10-04 11:01:00,0.04805,26
2021-10-04 11:01:03,0.04805,30
2021-10-04 11:01:20,0.04805,15
2021-10-04 11:01:29,0.04804,14
2021-10-04 11:01:30,0.04805,53
2021-10-04 11:02:02,0.04806,21
2021-10-04 11:02:04,0.04806,11
2021-10-04 11:02:08,0.04806,2
2021-10-04 11:02:15,0.04806,11
2021-10-04 11:02:19,0.04806,4
2021-10-04 11:02:24,0.04806,1
2021-10-04 11:02:31,0.04805,4
2021-10-04 11:02:45,0.04804,1
2021-10-04 11:03:33,0.04804,21
2021-10-04 11:03:56,0.04805,1
2021-10-04 11:04:01,0.04805,1
2021-10-04 11:04:12,0.04805,8
2021-10-04 11:04:40,0.04806,9
2021-10-04 11:05:04,0.04806,3
2021-10-04 11:05:11,0.04806,21
2021-10-04 11:05:26,0.04805,23
2021-10-04 11:05:40,0.04805,5
2021-10-04 11:05:41,0.04805,1
2021-10-04 11:05:57,0.04805,1
2021-10-04 11:05:58,0.04805,4
2021-10-04 11:06:10,0.04806,17
2021-10-04 11:06:34,0.04807,4
2021-10-04 11:06:34,0.04808,82
2021-10-04 11:06:54,0.04807,16
2021-10-04 11:06:55,0.04806,10
2021-10-04 11:07:02,0.04806,1
2021-10-04 11:07:25,0.04806,3
2021-10-04 11:07:36,0.04805,51
2021-10-04 11:07:37,0.04805,82
2021-10-04 11:07:48,0.04805,3
2021-10-04 11:08:18,0.04806,5
2021-10-04 11:09:47,0.04806,1
2021-10-04 11:09:48,0.04806,2
2021-10-04 11:10:04,0.04807,64
2021-10-04 11:10:14,0.04808,25
2021-10-04 11:11:04,0.04809,39
2021-10-04 11:11:13,0.04809,1
2021-10-04 11:11:19,0.04809,4
2021-10-04 11:11:56,0.0481,10
2021-10-04 11:11:59,0.0481,5
2021-10-04 11:12:03,0.0481,45
2021-10-04 11:12:07,0.0481,33
2021-10-04 11:12:12,0.04809,36
2021-10-04 11:12:12,0.0481,1
2021-10-04 11:12:13,0.0481,36
2021-10-04 11:12:16,0.0481,2
2021-10-04 11:12:16,0.04809,34
2021-10-04 11:12:16,0.0481,2
2021-10-04 11:12:18,0.04809,27
2021-10-04 11:12:23,0.04809,36
2021-10-04 11:12:29,0.04809,50
2021-10-04 11:12:30,0.04809,1
2021-10-04 11:12:39,0.0481,11
2021-10-04 11:12:47,0.0481,1
2021-10-04 11:12:58,0.0481,1
2021-10-04 11:13:47,0.0481,16
2021-10-04 11:14:29,0.04811,1
2021-10-04 11:14:35,0.04811,1
2021-10-04 11:14:36,0.04811,42
2021-10-04 11:14:38,0.04812,2
2021-10-04 11:14:39,0.04812,6
2021-10-04 11:14:46,0.04813,1
2021-10-04 11:14:48,0.04813,1
2021-10-04 11:14:51,0.04813,5
2021-10-04 11:14:54,0.04813,4
2021-10-04 11:14:57,0.04813,43
2021-10-04 11:15:02,0.04813,5
2021-10-04 11:15:13,0.04813,1
2021-10-04 11:15:14,0.04813,12
2021-10-04 11:15:15,0.04813,7
2021-10-04 11:15:16,0.04813,6
2021-10-04 11:15:27,0.04813,422
2021-10-04 11:15:29,0.04813,11
2021-10-04 11:15:39,0.04813,3
2021-10-04 11:16:33,0.04813,219
2021-10-04 11:16:34,0.04813,2
2021-10-04 11:16:46,0.04813,60
2021-10-04 11:17:02,0.04814,10
2021-10-04 11:17:02,0.04815,1
2021-10-04 11:17:02,0.04813,12
2021-10-04 11:17:03,0.04814,14
2021-10-04 11:17:05,0.04814,5
2021-10-04 11:17:23,0.04814,6
2021-10-04 11:17:44,0.04814,22
2021-10-04 11:17:48,0.04814,1
2021-10-04 11:17:53,0.04815,1
2021-10-04 11:18:04,0.04814,3
2021-10-04 11:19:30,0.04814,12
2021-10-04 11:19:31,0.04814,2
2021-10-04 11:19:34,0.04813,3
2021-10-04 11:19:37,0.04813,1
2021-10-04 11:19:39,0.04813,1
2021-10-04 11:20:05,0.04813,14
2021-10-04 11:20:07,0.04812,7
2021-10-04 11:20:07,0.04811,1
2021-10-04 11:20:09,0.04812,1
2021-10-04 11:20:13,0.04812,3
2021-10-04 11:20:32,0.04811,2
2021-10-04 11:20:46,0.0481,19
2021-10-04 11:20:48,0.0481,1
2021-10-04 11:20:56,0.04809,6
2021-10-04 11:21:46,0.04809,6
2021-10-04 11:21:51,0.04809,4
2021-10-04 11:22:16,0.04808,3
2021-10-04 11:22:19,0.04807,2
2021-10-04 11:22:30,0.04808,1
2021-10-04 11:22:50,0.04807,4
2021-10-04 11:23:34,0.04807,3
2021-10-04 11:23:43,0.04807,3
2021-10-04 11:24:19,0.04807,9
2021-10-04 11:24:20,0.04807,2
2021-10-04 11:24:36,0.04807,1
2021-10-04 11:24:39,0.04807,1
2021-10-04 11:25:10,0.04808,11
2021-10-04 11:25:21,0.04808,3
2021-10-04 11:26:23,0.04808,6
2021-10-04 11:26:33,0.04808,5
2021-10-04 11:26:46,0.04808,43
2021-10-04 11:26:55,0.04809,1
2021-10-04 11:26:56,0.04809,3
2021-10-04 11:26:58,0.04809,2
2021-10-04 11:27:02,0.04809,1
2021-10-04 11:27:14,0.04808,2
2021-10-04 11:27:21,0.04808,1
2021-10-04 11:27:28,0.04809,1
2021-10-04 11:27:33,0.04808,3
2021-10-04 11:27:46,0.04808,3
2021-10-04 11:28:09,0.04808,6
2021-10-04 11:28:20,0.04807,4
2021-10-04 11:28:32,0.04807,2
2021-10-04 11:28:54,0.04806,7
2021-10-04 11:29:12,0.04806,2
2021-10-04 11:29:27,0.04807,7
2021-10-04 11:29:41,0.04806,4
2021-10-04 11:29:44,0.04807,2
2021-10-04 11:29:58,0.04807,2
2021-10-04 11:30:03,0.04807,3
2021-10-04 11:30:04,0.04807,1
2021-10-04 11:30:13,0.04808,13
2021-10-04 11:30:15,0.04808,2
2021-10-04 11:30:19,0.04808,2
2021-10-04 11:30:43,0.04807,19
2021-10-04 11:30:51,0.04806,59
2021-10-04 11:31:28,0.04807,27
2021-10-04 11:31:54,0.04808,10
2021-10-04 11:31:56,0.04808,2
2021-10-04 11:32:25,0.04807,21
2021-10-04 11:32:30,0.04808,2
2021-10-04 11:32:34,0.04808,1
2021-10-04 11:32:46,0.04808,2
2021-10-04 11:33:07,0.04808,2
2021-10-04 11:33:26,0.04809,1
2021-10-04 11:33:44,0.04808,5
2021-10-04 11:34:04,0.04808,3
2021-10-04 11:34:24,0.04807,18
2021-10-04 11:34:42,0.04807,6
2021-10-04 11:35:25,0.04807,9
2021-10-04 11:35:30,0.04807,4
2021-10-04 11:35:39,0.04806,1
2021-10-04 11:36:04,0.04805,5
2021-10-04 11:36:10,0.04805,6
2021-10-04 11:38:01,0.04805,36
2021-10-04 11:38:45,0.04806,11
2021-10-04 11:38:46,0.04806,1
2021-10-04 11:40:25,0.04806,1
2021-10-04 11:40:26,0.04807,12
2021-10-04 11:40:29,0.04807,2
2021-10-04 11:40:30,0.04807,2
2021-10-04 11:41:07,0.04806,1
2021-10-04 11:41:10,0.04806,1
2021-10-04 11:41:16,0.04806,1
2021-10-04 11:41:26,0.04807,4
2021-10-04 11:41:34,0.04807,7
2021-10-04 11:42:02,0.04806,5
2021-10-04 11:42:03,0.04807,18
2021-10-04 11:42:03,0.04806,5
2021-10-04 11:42:07,0.04806,1
2021-10-04 11:42:13,0.04806,1
2021-10-04 11:43:13,0.04806,3
2021-10-04 11:43:15,0.04806,3
2021-10-04 11:43:29,0.04806,1
2021-10-04 11:44:05,0.04807,72
2021-10-04 11:44:06,0.04807,27
2021-10-04 11:44:26,0.04806,3
2021-10-04 11:44:29,0.04805,1
2021-10-04 11:45:06,0.04805,44
2021-10-04 11:45:08,0.04805,1
2021-10-04 11:45:12,0.04805,2
2021-10-04 11:45:16,0.04805,7
2021-10-04 11:45:37,0.04806,4
2021-10-04 11:45:40,0.04805,1
2021-10-04 11:46:06,0.04805,36
2021-10-04 11:46:13,0.04805,36
2021-10-04 11:46:19,0.04805,12
2021-10-04 11:46:30,0.04805,10
2021-10-04 11:46:31,0.04805,2
2021-10-04 11:46:35,0.04804,60
2021-10-04 11:46:35,0.04805,7
2021-10-04 11:46:36,0.04805,1
2021-10-04 11:46:40,0.04805,9
2021-10-04 11:47:01,0.04805,2
2021-10-04 11:47:41,0.04805,5
2021-10-04 11:48:05,0.04806,32
2021-10-04 11:48:12,0.04806,1
2021-10-04 11:49:25,0.04807,9
2021-10-04 11:49:29,0.04807,64
2021-10-04 11:49:31,0.04807,2
2021-10-04 11:50:03,0.04808,31
2021-10-04 11:50:04,0.04809,1
2021-10-04 11:50:11,0.04808,4
2021-10-04 11:50:32,0.04809,42
2021-10-04 11:50:35,0.04809,2
2021-10-04 11:50:40,0.04809,20
2021-10-04 11:50:41,0.0481,5
2021-10-04 11:50:42,0.0481,40
2021-10-04 11:50:58,0.0481,11
2021-10-04 11:51:00,0.0481,13
2021-10-04 11:51:23,0.04811,206
2021-10-04 11:51:31,0.04811,36
2021-10-04 11:51:36,0.04812,102
2021-10-04 11:51:37,0.04811,71
2021-10-04 11:51:43,0.04811,75
2021-10-04 11:51:50,0.04811,140
2021-10-04 11:52:26,0.0481,2
2021-10-04 11:52:29,0.0481,4
2021-10-04 11:53:24,0.04811,2
2021-10-04 11:53:36,0.04811,76
2021-10-04 11:53:42,0.04811,4
2021-10-04 11:53:55,0.04811,130
2021-10-04 11:54:09,0.04811,101
2021-10-04 11:54:15,0.04811,25
2021-10-04 11:54:16,0.04811,2
2021-10-04 11:54:19,0.04812,42
2021-10-04 11:54:22,0.04812,3
2021-10-04 11:54:24,0.04812,2
2021-10-04 11:54:25,0.04812,45
2021-10-04 11:54:27,0.04812,1
2021-10-04 11:54:41,0.04812,39
2021-10-04 11:54:47,0.04812,36
2021-10-04 11:54:51,0.04813,108
2021-10-04 11:55:14,0.04813,1
2021-10-04 11:55:15,0.04813,1
2021-10-04 11:55:17,0.04813,2
2021-10-04 11:55:21,0.04813,72
2021-10-04 11:55:47,0.04813,1
2021-10-04 11:55:51,0.04813,7
2021-10-04 11:56:01,0.04814,77
2021-10-04 11:56:03,0.04814,4
2021-10-04 11:56:05,0.04813,1
2021-10-04 11:56:07,0.04814,6
2021-10-04 11:56:13,0.04815,222
2021-10-04 11:56:37,0.04815,86
2021-10-04 11:56:53,0.04816,32
2021-10-04 11:57:11,0.04817,78
2021-10-04 11:57:15,0.04817,17
2021-10-04 11:57:17,0.04816,1
2021-10-04 11:57:23,0.04816,27
2021-10-04 11:58:06,0.04815,1
2021-10-04 11:58:25,0.04816,1
2021-10-04 11:58:26,0.04816,5
2021-10-04 11:58:30,0.04816,2
2021-10-04 11:59:07,0.04817,16
2021-10-04 11:59:10,0.04817,2
2021-10-04 11:59:16,0.04818,10
2021-10-04 11:59:17,0.04818,1
2021-10-04 11:59:24,0.04818,1
2021-10-04 11:59:50,0.04818,3
2021-10-04 12:00:02,0.04818,28
2021-10-04 12:00:19,0.04818,6
2021-10-04 12:00:44,0.04818,31
2021-10-04 12:01:05,0.04818,4
2021-10-04 12:01:08,0.04818,1
2021-10-04 12:01:14,0.04818,41
2021-10-04 12:01:24,0.04818,2
2021-10-04 12:01:25,0.04818,2
2021-10-04 12:01:52,0.04817,4
2021-10-04 12:02:46,0.04818,1
2021-10-04 12:02:49,0.04817,1
2021-10-04 12:02:52,0.04817,2
2021-10-04 12:02:55,0.04817,2
2021-10-04 12:02:56,0.04817,36
2021-10-04 12:02:59,0.04817,27
2021-10-04 12:03:08,0.04817,2
2021-10-04 12:03:34,0.04818,2
2021-10-04 12:03:37,0.04818,34
2021-10-04 12:03:57,0.04818,58
2021-10-04 12:04:03,0.04818,43
2021-10-04 12:04:09,0.04818,1
2021-10-04 12:04:11,0.04818,1
2021-10-04 12:04:17,0.04819,1
2021-10-04 12:04:18,0.04819,1
2021-10-04 12:05:16,0.04819,1
2021-10-04 12:05:55,0.04818,78
2021-10-04 12:06:03,0.04818,2
2021-10-04 12:06:31,0.04818,55
2021-10-04 12:06:37,0.04818,54
2021-10-04 12:06:43,0.04818,27
2021-10-04 12:06:57,0.04818,2
2021-10-04 12:07:20,0.04819,12
2021-10-04 12:07:26,0.04819,6
2021-10-04 12:07:57,0.0482,5
2021-10-04 12:07:57,0.04821,30
2021-10-04 12:08:07,0.04821,123
2021-10-04 12:08:15,0.04821,125
2021-10-04 12:08:16,0.04821,1
2021-10-04 12:08:19,0.04821,1
2021-10-04 12:08:20,0.04821,1
2021-10-04 12:08:21,0.0482,6
2021-10-04 12:08:29,0.04821,2
2021-10-04 12:08:52,0.04822,50
2021-10-04 12:09:01,0.04822,12
2021-10-04 12:09:04,0.04822,123
2021-10-04 12:09:04,0.04821,45
2021-10-04 12:09:07,0.04821,2
2021-10-04 12:09:10,0.04821,7
2021-10-04 12:09:16,0.04821,21
2021-10-04 12:09:46,0.0482,116
2021-10-04 12:09:50,0.0482,3
2021-10-04 12:10:04,0.0482,1
2021-10-04 12:10:46,0.0482,41
2021-10-04 12:10:49,0.0482,10
2021-10-04 12:10:57,0.04821,13
2021-10-04 12:11:03,0.04821,2
2021-10-04 12:11:14,0.04821,3
2021-10-04 12:11:20,0.04821,4
2021-10-04 12:11:26,0.04821,6
2021-10-04 12:11:28,0.04821,73
2021-10-04 12:11:48,0.04821,12
2021-10-04 12:12:00,0.04821,10
2021-10-04 12:12:21,0.04821,7
2021-10-04 12:12:22,0.04821,1
2021-10-04 12:12:31,0.04821,4
2021-10-04 12:12:51,0.04821,9
2021-10-04 12:13:07,0.04821,2
2021-10-04 12:13:45,0.04822,62
2021-10-04 12:14:16,0.04822,29
2021-10-04 12:14:28,0.04822,16
2021-10-04 12:14:59,0.04822,1
2021-10-04 12:15:13,0.04822,41
2021-10-04 12:15:17,0.04822,4
2021-10-04 12:15:18,0.04822,1
2021-10-04 12:15:39,0.04821,7
2021-10-04 12:16:03,0.04821,23
2021-10-04 12:16:50,0.04822,24
2021-10-04 12:17:25,0.04821,23
2021-10-04 12:17:44,0.0482,12
2021-10-04 12:17:57,0.0482,7
2021-10-04 12:18:38,0.0482,1
2021-10-04 12:18:59,0.04819,25
2021-10-04 12:19:01,0.04818,12
2021-10-04 12:19:01,0.04817,1
2021-10-04 12:19:01,0.04818,19
2021-10-04 12:19:59,0.04818,1
2021-10-04 12:20:36,0.04817,6
2021-10-04 12:20:51,0.04816,5
2021-10-04 12:20:53,0.04816,3
2021-10-04 12:21:00,0.04816,2
2021-10-04 12:21:01,0.04816,22
2021-10-04 12:21:31,0.04816,2
2021-10-04 12:21:42,0.04816,1
2021-10-04 12:22:20,0.04815,1
2021-10-04 12:23:04,0.04815,22
2021-10-04 12:23:21,0.04814,34
2021-10-04 12:23:26,0.04814,1
2021-10-04 12:23:30,0.04814,3
2021-10-04 12:24:01,0.04814,3
2021-10-04 12:24:03,0.04814,1
2021-10-04 12:24:25,0.04814,7
2021-10-04 12:25:01,0.04814,1
2021-10-04 12:27:09,0.04813,7
2021-10-04 12:27:12,0.04813,6
2021-10-04 12:27:20,0.04813,4
2021-10-04 12:27:58,0.04813,62
2021-10-04 12:28:10,0.04813,1
2021-10-04 12:29:01,0.04812,35
2021-10-04 12:29:24,0.04812,1
2021-10-04 12:29:44,0.04812,4
2021-10-04 12:29:46,0.04812,1
2021-10-04 12:30:01,0.04812,1
2021-10-04 12:30:13,0.04812,7
2021-10-04 12:30:14,0.04812,7
2021-10-04 12:30:15,0.04812,15
2021-10-04 12:30:30,0.04811,31
2021-10-04 12:30:41,0.04811,1
2021-10-04 12:31:05,0.04811,2
2021-10-04 12:31:48,0.04811,8
2021-10-04 12:32:13,0.04811,18
2021-10-04 12:33:45,0.04811,6
2021-10-04 12:33:46,0.04812,31
2021-10-04 12:34:04,0.04812,1
2021-10-04 12:34:05,0.04812,4
2021-10-04 12:34:40,0.04812,11
2021-10-04 12:34:42,0.04812,2
2021-10-04 12:35:10,0.04812,1
2021-10-04 12:35:30,0.04812,18
2021-10-04 12:36:09,0.04812,9
2021-10-04 12:36:57,0.04813,9
2021-10-04 12:37:00,0.04813,8
2021-10-04 12:37:03,0.04813,1
2021-10-04 12:38:12,0.04813,1
2021-10-04 12:40:32,0.04812,7
2021-10-04 12:40:49,0.04811,14
2021-10-04 12:41:07,0.04811,16
2021-10-04 12:41:16,0.0481,1
2021-10-04 12:41:21,0.0481,1
2021-10-04 12:41:31,0.0481,4
2021-10-04 12:41:32,0.0481,10
2021-10-04 12:41:32,0.04811,11
2021-10-04 12:41:34,0.04811,8
2021-10-04 12:41:39,0.04811,30
2021-10-04 12:41:40,0.04811,1
2021-10-04 12:41:52,0.04811,4
2021-10-04 12:41:53,0.04811,1
2021-10-04 12:42:40,0.04811,2
2021-10-04 12:42:54,0.04811,1
2021-10-04 12:43:03,0.04812,1
2021-10-04 12:43:10,0.04812,21
2021-10-04 12:43:17,0.04812,5
2021-10-04 12:44:00,0.04812,17
2021-10-04 12:44:06,0.04812,4
2021-10-04 12:44:12,0.04811,7
2021-10-04 12:44:16,0.04812,41
2021-10-04 12:45:40,0.04811,45
2021-10-04 12:45:42,0.0481,1
2021-10-04 12:46:50,0.04811,12
2021-10-04 12:47:02,0.04811,18
2021-10-04 12:47:04,0.04812,1
2021-10-04 12:47:28,0.04812,18
2021-10-04 12:48:35,0.04812,1
2021-10-04 12:49:36,0.04812,9
2021-10-04 12:49:36,0.04813,42
2021-10-04 12:49:44,0.04813,61
2021-10-04 12:49:56,0.04813,3
2021-10-04 12:50:17,0.04813,3
2021-10-04 12:51:32,0.04813,3
2021-10-04 12:52:00,0.04813,3
2021-10-04 12:52:16,0.04813,3
2021-10-04 12:52:26,0.04813,8
2021-10-04 12:53:05,0.04813,54
2021-10-04 12:53:33,0.04814,10
2021-10-04 12:53:41,0.04815,30
2021-10-04 12:53:58,0.04815,1
2021-10-04 12:54:03,0.04815,1
2021-10-04 12:55:53,0.04814,15
2021-10-04 12:56:11,0.04815,1
2021-10-04 12:56:11,0.04814,2
2021-10-04 12:57:06,0.04813,2
2021-10-04 12:57:07,0.04813,1
2021-10-04 12:57:33,0.04814,17
2021-10-04 12:58:26,0.04814,2
2021-10-04 12:58:31,0.04814,2
2021-10-04 12:59:11,0.04814,24
2021-10-04 12:59:56,0.04813,1
2021-10-04 13:00:00,0.04813,2
2021-10-04 13:00:11,0.04814,5
2021-10-04 13:00:46,0.04812,1
2021-10-04 13:01:38,0.04813,1
2021-10-04 13:02:01,0.04813,16
2021-10-04 13:02:02,0.04813,1
2021-10-04 13:02:32,0.04812,1
2021-10-04 13:03:44,0.04812,2
2021-10-04 13:03:59,0.04812,8
2021-10-04 13:04:09,0.04812,11
2021-10-04 13:04:14,0.04812,2
2021-10-04 13:04:25,0.04812,2
2021-10-04 13:04:55,0.04812,12
2021-10-04 13:05:00,0.04812,3
2021-10-04 13:06:44,0.04813,1
2021-10-04 13:07:06,0.04812,3
2021-10-04 13:07:35,0.04812,35
2021-10-04 13:08:15,0.04811,14
2021-10-04 13:08:30,0.0481,1
2021-10-04 13:08:55,0.04811,14
2021-10-04 13:09:14,0.04812,132
2021-10-04 13:09:20,0.04813,1
2021-10-04 13:09:21,0.04813,1
2021-10-04 13:09:51,0.04813,4
2021-10-04 13:10:57,0.04813,11
2021-10-04 13:10:59,0.04814,1
2021-10-04 13:11:18,0.04814,9
2021-10-04 13:11:19,0.04814,4
2021-10-04 13:11:23,0.04815,3
2021-10-04 13:12:12,0.04814,7
2021-10-04 13:12:48,0.04815,11
2021-10-04 13:12:50,0.04815,10
2021-10-04 13:12:55,0.04815,21
2021-10-04 13:13:04,0.04816,6
2021-10-04 13:13:36,0.04816,1
2021-10-04 13:13:46,0.04815,2
2021-10-04 13:14:01,0.04815,1
2021-10-04 13:14:06,0.04815,1
2021-10-04 13:14:08,0.04815,6
2021-10-04 13:14:11,0.04815,3
2021-10-04 13:14:11,0.04814,1
2021-10-04 13:14:11,0.04815,1
2021-10-04 13:14:19,0.04815,2
2021-10-04 13:14:23,0.04815,1
2021-10-04 13:14:26,0.04815,1
2021-10-04 13:14:35,0.04815,1
2021-10-04 13:14:36,0.04815,1
2021-10-04 13:14:45,0.04815,1
2021-10-04 13:14:51,0.04814,1
2021-10-04 13:14:51,0.04815,1
2021-10-04 13:14:56,0.04815,1
2021-10-04 13:15:06,0.04815,1
2021-10-04 13:16:21,0.04815,2
2021-10-04 13:16:30,0.04815,2
2021-10-04 13:17:25,0.04815,5
2021-10-04 13:17:49,0.04815,1
2021-10-04 13:18:02,0.04815,1
2021-10-04 13:18:05,0.04815,2
2021-10-04 13:18:05,0.04816,1
2021-10-04 13:18:51,0.04815,2
2021-10-04 13:21:54,0.04814,2
2021-10-04 13:22:53,0.04814,10
2021-10-04 13:23:20,0.04815,6
2021-10-04 13:23:22,0.04815,1
2021-10-04 13:24:31,0.04815,10
2021-10-04 13:27:10,0.04815,11
2021-10-04 13:28:10,0.04814,4
2021-10-04 13:29:20,0.04814,3
2021-10-04 13:29:45,0.04813,2
2021-10-04 13:29:49,0.04813,1
2021-10-04 13:30:20,0.04814,21
2021-10-04 13:30:25,0.04814,4
2021-10-04 13:30:44,0.04814,1
2021-10-04 13:31:07,0.04813,3
2021-10-04 13:31:11,0.04813,11
2021-10-04 13:31:15,0.04813,2
2021-10-04 13:31:36,0.04813,6
2021-10-04 13:32:03,0.04814,3
2021-10-04 13:32:15,0.04815,18
2021-10-04 13:33:16,0.04814,1
2021-10-04 13:34:00,0.04815,9
2021-10-04 13:34:02,0.04815,2
2021-10-04 13:34:03,0.04815,3
2021-10-04 13:34:49,0.04816,6
2021-10-04 13:34:54,0.04816,17
2021-10-04 13:35:14,0.04816,56
2021-10-04 13:35:31,0.04816,3
2021-10-04 13:39:08,0.04817,35
2021-10-04 13:39:26,0.04817,1
2021-10-04 13:40:39,0.04817,9
2021-10-04 13:41:33,0.04816,2
2021-10-04 13:42:37,0.04817,21
2021-10-04 13:42:58,0.04817,5
2021-10-04 13:44:45,0.04818,1
2021-10-04 13:44:46,0.04817,5
2021-10-04 13:46:26,0.04817,1
2021-10-04 13:46:32,0.04818,1
2021-10-04 13:46:46,0.04818,1
2021-10-04 13:48:35,0.04818,8
2021-10-04 13:48:51,0.04818,14
2021-10-04 13:48:53,0.04819,1
2021-10-04 13:49:14,0.04819,1
2021-10-04 13:50:40,0.04819,1
2021-10-04 13:50:41,0.04819,27
2021-10-04 13:50:59,0.04819,10
2021-10-04 13:51:00,0.04819,3
2021-10-04 13:51:58,0.04819,21
2021-10-04 13:52:00,0.04819,1
2021-10-04 13:53:01,0.04819,22
2021-10-04 13:53:31,0.04819,18
2021-10-04 13:53:32,0.04819,12
2021-10-04 13:53:36,0.04819,10
2021-10-04 13:53:40,0.04819,3
2021-10-04 13:53:45,0.0482,1
2021-10-04 13:54:08,0.04819,1
2021-10-04 13:54:17,0.04819,1
2021-10-04 13:54:27,0.04819,73
2021-10-04 13:59:50,0.04819,25
2021-10-04 13:59:57,0.04818,2
2021-10-04 13:59:57,0.04817,22
2021-10-04 14:00:02,0.04817,35
2021-10-04 14:00:03,0.04817,9
2021-10-04 14:00:16,0.04818,9
2021-10-04 14:01:03,0.04818,13
2021-10-04 14:01:18,0.04817,1
2021-10-04 14:01:35,0.04818,16
2021-10-04 14:02:22,0.04818,2
2021-10-04 14:02:23,0.04818,3
2021-10-04 14:02:34,0.04818,4
2021-10-04 14:04:34,0.04818,1
2021-10-04 14:05:00,0.04818,15
2021-10-04 14:05:03,0.04818,3
2021-10-04 14:05:05,0.04818,2
2021-10-04 14:05:13,0.04818,2
2021-10-04 14:05:14,0.04818,2
2021-10-04 14:06:12,0.04819,4
2021-10-04 14:06:36,0.04819,9
2021-10-04 14:07:10,0.04819,7
2021-10-04 14:07:11,0.04819,2
2021-10-04 14:07:18,0.0482,1
2021-10-04 14:07:25,0.0482,125
2021-10-04 14:07:42,0.0482,4
2021-10-04 14:07:46,0.0482,2
2021-10-04 14:07:50,0.0482,1
2021-10-04 14:08:29,0.0482,3
2021-10-04 14:08:32,0.0482,1
2021-10-04 14:09:41,0.04821,9
2021-10-04 14:09:42,0.04821,1
2021-10-04 14:11:36,0.04821,6
2021-10-04 14:12:00,0.04821,1
2021-10-04 14:12:22,0.04821,1
2021-10-04 14:12:31,0.0482,64
2021-10-04 14:12:59,0.04819,8
2021-10-04 14:13:57,0.04818,4
2021-10-04 14:14:10,0.04818,2
2021-10-04 14:15:00,0.04819,1
2021-10-04 14:15:05,0.04819,1
2021-10-04 14:15:09,0.04819,19
2021-10-04 14:15:12,0.04819,2
2021-10-04 14:15:14,0.04819,1
2021-10-04 14:15:15,0.04819,1
2021-10-04 14:16:21,0.04819,5
2021-10-04 14:16:23,0.04819,4
2021-10-04 14:17:13,0.04819,17
2021-10-04 14:17:32,0.04818,1
2021-10-04 14:17:36,0.04819,12
2021-10-04 14:20:10,0.04819,9
2021-10-04 14:20:31,0.0482,6
2021-10-04 14:20:33,0.0482,1
2021-10-04 14:20:34,0.0482,1
2021-10-04 14:21:04,0.04821,1
2021-10-04 14:21:28,0.04821,1
2021-10-04 14:21:42,0.04821,2
2021-10-04 14:22:10,0.04822,20
2021-10-04 14:22:40,0.04823,1
2021-10-04 14:22:47,0.04823,49
2021-10-04 14:22:50,0.04824,1
2021-10-04 14:23:06,0.04824,15
2021-10-04 14:23:07,0.04824,1
2021-10-04 14:23:11,0.04824,1
2021-10-04 14:23:16,0.04823,171
2021-10-04 14:23:31,0.04823,174
2021-10-04 14:23:35,0.04823,1
2021-10-04 14:24:32,0.04823,29
2021-10-04 14:25:04,0.04822,42
2021-10-04 14:25:05,0.04822,4
2021-10-04 14:25:06,0.04822,18
2021-10-04 14:25:32,0.04822,4
2021-10-04 14:25:48,0.04822,2
2021-10-04 14:26:35,0.04822,1
2021-10-04 14:26:41,0.04822,4
2021-10-04 14:27:07,0.04821,7
2021-10-04 14:27:08,0.04821,4
2021-10-04 14:27:16,0.04821,1
2021-10-04 14:28:53,0.04822,9
2021-10-04 14:29:01,0.04821,1
2021-10-04 14:29:03,0.04822,19
2021-10-04 14:29:04,0.04822,1
2021-10-04 14:29:34,0.04822,5
2021-10-04 14:30:04,0.04822,4
2021-10-04 14:30:31,0.04823,18
2021-10-04 14:32:01,0.04824,28
2021-10-04 14:32:07,0.04823,33
2021-10-04 14:33:29,0.04823,14
2021-10-04 14:33:32,0.04823,1
2021-10-04 14:33:35,0.04823,9
2021-10-04 14:33:40,0.04824,27
2021-10-04 14:34:01,0.04823,3
2021-10-04 14:34:19,0.04824,41
2021-10-04 14:34:25,0.04824,50
2021-10-04 14:34:42,0.04824,5
2021-10-04 14:35:04,0.04824,5
2021-10-04 14:35:19,0.04824,9
2021-10-04 14:35:19,0.04825,18
2021-10-04 14:35:38,0.04823,1
2021-10-04 14:36:32,0.04824,23
2021-10-04 14:36:39,0.04825,148
2021-10-04 14:36:45,0.04824,23
2021-10-04 14:36:58,0.04825,28
2021-10-04 14:37:35,0.04825,1
2021-10-04 14:38:14,0.04825,62
2021-10-04 14:38:17,0.04825,2
2021-10-04 14:38:24,0.04825,83
2021-10-04 14:38:25,0.04825,4
2021-10-04 14:38:37,0.04826,7
2021-10-04 14:38:37,0.04827,20
2021-10-04 14:38:45,0.04825,11
2021-10-04 14:38:46,0.04825,4
2021-10-04 14:39:00,0.04825,1
2021-10-04 14:39:01,0.04824,6
