Date,Last,Volume
2021-10-03 18:00:00,4349.0,181
2021-10-03 18:00:00,4348.75,4
2021-10-03 18:00:00,4349.0,5
2021-10-03 18:00:00,4348.5,2
2021-10-03 18:00:00,4349.0,2
2021-10-03 18:00:00,4348.25,1
2021-10-03 18:00:00,4349.0,3
2021-10-03 18:00:00,4348.25,3
2021-10-03 18:00:00,4349.0,3
2021-10-03 18:00:00,4348.25,17
2021-10-03 18:00:00,4348.0,2
2021-10-03 18:00:00,4347.75,5
2021-10-03 18:00:00,4347.5,1
2021-10-03 18:00:00,4348.5,3
2021-10-03 18:00:00,4348.75,1
2021-10-03 18:00:00,4349.0,1
2021-10-03 18:00:00,4347.75,1
2021-10-03 18:00:00,4347.5,1
2021-10-03 18:00:00,4348.75,4
2021-10-03 18:00:00,4349.0,1
2021-10-03 18:00:00,4348.75,1
2021-10-03 18:00:00,4349.0,1
2021-10-03 18:00:00,4348.75,4
2021-10-03 18:00:00,4348.5,2
2021-10-03 18:00:00,4348.75,1
2021-10-03 18:00:00,4348.5,8
2021-10-03 18:00:00,4348.75,5
2021-10-03 18:00:00,4348.25,1
2021-10-03 18:00:00,4349.0,32
2021-10-03 18:00:00,4349.25,7
2021-10-03 18:00:00,4349.5,4
2021-10-03 18:00:00,4349.25,10
2021-10-03 18:00:00,4349.5,1
2021-10-03 18:00:00,4349.25,1
2021-10-03 18:00:00,4348.75,1
2021-10-03 18:00:00,4348.5,2
2021-10-03 18:00:01,4348.5,2
2021-10-03 18:00:01,4348.25,9
2021-10-03 18:00:01,4348.5,4
2021-10-03 18:00:01,4348.75,6
2021-10-03 18:00:01,4349.0,1
2021-10-03 18:00:01,4348.75,4
2021-10-03 18:00:01,4348.5,2
2021-10-03 18:00:01,4348.75,4
2021-10-03 18:00:01,4349.0,6
2021-10-03 18:00:01,4348.75,3
2021-10-03 18:00:01,4348.5,1
2021-10-03 18:00:01,4348.75,1
2021-10-03 18:00:01,4348.5,1
2021-10-03 18:00:01,4348.75,13
2021-10-03 18:00:01,4349.0,3
2021-10-03 18:00:01,4349.25,13
2021-10-03 18:00:01,4348.75,1
2021-10-03 18:00:02,4348.5,13
2021-10-03 18:00:02,4348.75,10
2021-10-03 18:00:02,4349.0,3
2021-10-03 18:00:02,4348.5,5
2021-10-03 18:00:02,4348.25,9
2021-10-03 18:00:02,4348.0,14
2021-10-03 18:00:02,4348.5,2
2021-10-03 18:00:02,4348.25,1
2021-10-03 18:00:02,4348.5,2
2021-10-03 18:00:02,4348.75,3
2021-10-03 18:00:02,4349.0,4
2021-10-03 18:00:02,4348.5,1
2021-10-03 18:00:02,4348.75,1
2021-10-03 18:00:02,4348.5,2
2021-10-03 18:00:02,4348.25,1
2021-10-03 18:00:03,4348.5,3
2021-10-03 18:00:03,4348.75,1
2021-10-03 18:00:03,4348.5,3
2021-10-03 18:00:03,4348.75,2
2021-10-03 18:00:03,4348.5,2
2021-10-03 18:00:03,4348.75,3
2021-10-03 18:00:03,4348.5,1
2021-10-03 18:00:03,4348.75,9
2021-10-03 18:00:03,4348.5,2
2021-10-03 18:00:03,4348.75,1
2021-10-03 18:00:03,4348.5,1
2021-10-03 18:00:03,4348.75,1
2021-10-03 18:00:04,4348.75,5
2021-10-03 18:00:04,4349.0,3
2021-10-03 18:00:04,4348.75,1
2021-10-03 18:00:04,4349.0,1
2021-10-03 18:00:04,4348.75,1
2021-10-03 18:00:04,4349.0,10
2021-10-03 18:00:04,4349.25,1
2021-10-03 18:00:04,4349.0,6
2021-10-03 18:00:04,4348.75,6
2021-10-03 18:00:04,4348.5,13
2021-10-03 18:00:04,4348.75,1
2021-10-03 18:00:04,4349.0,4
2021-10-03 18:00:05,4348.75,2
2021-10-03 18:00:05,4348.5,1
2021-10-03 18:00:05,4349.0,8
2021-10-03 18:00:05,4349.25,14
2021-10-03 18:00:06,4349.25,2
2021-10-03 18:00:06,4349.0,4
2021-10-03 18:00:06,4349.25,3
2021-10-03 18:00:06,4349.5,2
2021-10-03 18:00:06,4349.0,1
2021-10-03 18:00:06,4349.25,5
2021-10-03 18:00:06,4349.5,5
2021-10-03 18:00:06,4349.25,1
2021-10-03 18:00:07,4349.5,107
2021-10-03 18:00:07,4349.75,14
2021-10-03 18:00:07,4350.0,36
2021-10-03 18:00:07,4349.75,1
2021-10-03 18:00:07,4350.0,2
2021-10-03 18:00:08,4350.0,5
2021-10-03 18:00:08,4350.25,1
2021-10-03 18:00:09,4350.25,9
2021-10-03 18:00:09,4350.0,15
2021-10-03 18:00:09,4349.75,37
2021-10-03 18:00:09,4350.25,1
2021-10-03 18:00:10,4350.25,1
2021-10-03 18:00:10,4350.5,7
2021-10-03 18:00:11,4350.5,5
2021-10-03 18:00:11,4350.75,1
2021-10-03 18:00:11,4350.5,1
2021-10-03 18:00:11,4350.75,4
2021-10-03 18:00:12,4350.75,1
2021-10-03 18:00:12,4350.5,1
2021-10-03 18:00:12,4350.75,1
2021-10-03 18:00:12,4350.5,4
2021-10-03 18:00:12,4350.75,5
2021-10-03 18:00:12,4350.5,14
2021-10-03 18:00:13,4350.5,5
2021-10-03 18:00:13,4350.75,3
2021-10-03 18:00:14,4350.75,2
2021-10-03 18:00:14,4350.25,1
2021-10-03 18:00:14,4350.5,7
2021-10-03 18:00:14,4350.75,1
2021-10-03 18:00:15,4350.75,7
2021-10-03 18:00:15,4350.5,14
2021-10-03 18:00:15,4350.75,1
2021-10-03 18:00:16,4350.75,9
2021-10-03 18:00:16,4351.0,10
2021-10-03 18:00:17,4351.0,20
2021-10-03 18:00:18,4351.25,9
2021-10-03 18:00:18,4351.5,4
2021-10-03 18:00:18,4351.75,5
2021-10-03 18:00:18,4352.0,23
2021-10-03 18:00:18,4352.25,18
2021-10-03 18:00:18,4352.5,16
2021-10-03 18:00:18,4352.25,4
2021-10-03 18:00:18,4352.5,19
2021-10-03 18:00:18,4352.25,1
2021-10-03 18:00:18,4352.5,2
2021-10-03 18:00:19,4352.25,3
2021-10-03 18:00:19,4352.5,1
2021-10-03 18:00:19,4352.25,1
2021-10-03 18:00:19,4352.75,3
2021-10-03 18:00:19,4352.5,10
2021-10-03 18:00:19,4352.25,1
2021-10-03 18:00:20,4352.0,17
2021-10-03 18:00:20,4352.25,1
2021-10-03 18:00:21,4352.0,5
2021-10-03 18:00:21,4352.25,9
2021-10-03 18:00:21,4352.0,6
2021-10-03 18:00:21,4352.25,1
2021-10-03 18:00:21,4352.5,1
2021-10-03 18:00:21,4352.75,4
2021-10-03 18:00:21,4353.0,11
2021-10-03 18:00:21,4352.75,1
2021-10-03 18:00:21,4353.0,1
2021-10-03 18:00:21,4352.75,10
2021-10-03 18:00:21,4353.0,1
2021-10-03 18:00:22,4353.0,3
2021-10-03 18:00:22,4352.75,10
2021-10-03 18:00:22,4352.5,8
2021-10-03 18:00:22,4352.25,2
2021-10-03 18:00:22,4352.75,1
2021-10-03 18:00:22,4353.25,6
2021-10-03 18:00:22,4353.0,1
2021-10-03 18:00:22,4353.25,3
2021-10-03 18:00:22,4353.0,5
2021-10-03 18:00:22,4353.25,5
2021-10-03 18:00:22,4353.0,3
2021-10-03 18:00:23,4353.5,1
2021-10-03 18:00:23,4353.0,1
2021-10-03 18:00:23,4353.5,3
2021-10-03 18:00:23,4353.25,1
2021-10-03 18:00:23,4353.0,15
2021-10-03 18:00:23,4353.25,1
2021-10-03 18:00:24,4353.25,3
2021-10-03 18:00:24,4353.0,2
2021-10-03 18:00:24,4353.25,1
2021-10-03 18:00:24,4353.0,1
2021-10-03 18:00:24,4353.25,4
2021-10-03 18:00:25,4353.25,3
2021-10-03 18:00:25,4353.5,1
2021-10-03 18:00:25,4353.0,9
2021-10-03 18:00:25,4353.25,4
2021-10-03 18:00:26,4353.25,1
2021-10-03 18:00:26,4352.75,9
2021-10-03 18:00:26,4352.5,1
2021-10-03 18:00:26,4353.25,3
2021-10-03 18:00:27,4353.0,1
2021-10-03 18:00:27,4353.25,2
2021-10-03 18:00:27,4353.0,1
2021-10-03 18:00:28,4353.0,1
2021-10-03 18:00:28,4352.75,6
2021-10-03 18:00:28,4353.0,1
2021-10-03 18:00:28,4353.25,3
2021-10-03 18:00:28,4353.0,1
2021-10-03 18:00:28,4353.25,1
2021-10-03 18:00:29,4353.0,9
2021-10-03 18:00:29,4353.25,1
2021-10-03 18:00:30,4353.25,1
2021-10-03 18:00:30,4353.0,2
2021-10-03 18:00:31,4353.0,5
2021-10-03 18:00:31,4352.75,10
2021-10-03 18:00:31,4353.0,4
2021-10-03 18:00:32,4353.0,21
2021-10-03 18:00:32,4353.25,4
2021-10-03 18:00:32,4353.0,1
2021-10-03 18:00:32,4353.25,2
2021-10-03 18:00:33,4353.25,5
2021-10-03 18:00:33,4353.5,4
2021-10-03 18:00:34,4353.5,4
2021-10-03 18:00:34,4353.25,3
2021-10-03 18:00:34,4353.5,7
2021-10-03 18:00:35,4353.5,12
2021-10-03 18:00:35,4353.75,7
2021-10-03 18:00:36,4354.0,32
2021-10-03 18:00:37,4354.0,2
2021-10-03 18:00:37,4353.75,1
2021-10-03 18:00:37,4354.0,6
2021-10-03 18:00:38,4354.0,1
2021-10-03 18:00:38,4353.75,13
2021-10-03 18:00:39,4353.75,5
2021-10-03 18:00:40,4353.75,2
2021-10-03 18:00:41,4353.75,8
2021-10-03 18:00:41,4354.0,16
2021-10-03 18:00:41,4354.25,5
2021-10-03 18:00:41,4353.5,14
2021-10-03 18:00:41,4354.0,1
2021-10-03 18:00:41,4353.5,4
2021-10-03 18:00:41,4354.0,1
2021-10-03 18:00:41,4353.5,5
2021-10-03 18:00:41,4353.75,1
2021-10-03 18:00:42,4353.75,1
2021-10-03 18:00:42,4353.5,1
2021-10-03 18:00:43,4353.75,1
2021-10-03 18:00:43,4353.5,3
2021-10-03 18:00:43,4353.75,2
2021-10-03 18:00:43,4353.5,2
2021-10-03 18:00:43,4353.25,13
2021-10-03 18:00:43,4353.5,2
2021-10-03 18:00:44,4353.5,2
2021-10-03 18:00:45,4353.25,1
2021-10-03 18:00:45,4353.5,2
2021-10-03 18:00:46,4353.5,2
2021-10-03 18:00:47,4353.5,1
2021-10-03 18:00:48,4353.75,5
2021-10-03 18:00:48,4353.5,1
2021-10-03 18:00:49,4353.5,3
2021-10-03 18:00:49,4353.25,1
2021-10-03 18:00:49,4353.5,1
2021-10-03 18:00:50,4353.25,9
2021-10-03 18:00:50,4353.5,2
2021-10-03 18:00:50,4353.25,1
2021-10-03 18:00:50,4353.5,3
2021-10-03 18:00:51,4353.25,1
2021-10-03 18:00:52,4353.5,1
2021-10-03 18:00:52,4353.25,2
2021-10-03 18:00:54,4353.5,2
2021-10-03 18:00:54,4353.75,2
2021-10-03 18:00:55,4353.5,5
2021-10-03 18:00:55,4353.75,16
2021-10-03 18:00:57,4353.75,2
2021-10-03 18:00:57,4354.0,1
2021-10-03 18:00:59,4354.0,1
2021-10-03 18:00:59,4353.75,1
2021-10-03 18:01:00,4354.0,8
2021-10-03 18:01:00,4354.25,15
2021-10-03 18:01:00,4354.0,1
2021-10-03 18:01:00,4354.25,1
2021-10-03 18:01:00,4354.5,14
2021-10-03 18:01:00,4354.75,11
2021-10-03 18:01:00,4355.0,1
2021-10-03 18:01:01,4355.0,51
2021-10-03 18:01:01,4354.75,12
2021-10-03 18:01:01,4354.5,24
2021-10-03 18:01:01,4354.25,8
2021-10-03 18:01:02,4354.25,2
2021-10-03 18:01:02,4354.5,4
2021-10-03 18:01:02,4354.0,24
2021-10-03 18:01:02,4354.5,1
2021-10-03 18:01:03,4354.5,3
2021-10-03 18:01:03,4354.25,6
2021-10-03 18:01:03,4354.5,1
2021-10-03 18:01:04,4354.5,4
2021-10-03 18:01:04,4354.75,5
2021-10-03 18:01:04,4354.5,3
2021-10-03 18:01:05,4354.75,5
2021-10-03 18:01:05,4355.0,15
2021-10-03 18:01:05,4355.25,18
2021-10-03 18:01:05,4355.5,2
2021-10-03 18:01:05,4355.25,11
2021-10-03 18:01:05,4355.0,10
2021-10-03 18:01:06,4354.75,2
2021-10-03 18:01:06,4355.0,3
2021-10-03 18:01:06,4354.75,46
2021-10-03 18:01:07,4354.5,1
2021-10-03 18:01:07,4354.75,6
2021-10-03 18:01:07,4355.0,42
2021-10-03 18:01:07,4355.25,14
2021-10-03 18:01:07,4355.0,1
2021-10-03 18:01:08,4355.0,6
2021-10-03 18:01:08,4355.25,20
2021-10-03 18:01:09,4355.0,10
2021-10-03 18:01:09,4354.75,1
2021-10-03 18:01:09,4355.0,5
2021-10-03 18:01:10,4355.25,1
2021-10-03 18:01:10,4355.0,3
2021-10-03 18:01:10,4355.25,14
2021-10-03 18:01:10,4355.0,15
2021-10-03 18:01:11,4355.25,1
2021-10-03 18:01:11,4355.0,9
2021-10-03 18:01:12,4355.0,8
2021-10-03 18:01:12,4354.75,13
2021-10-03 18:01:14,4355.0,1
2021-10-03 18:01:15,4355.0,3
2021-10-03 18:01:16,4355.25,2
2021-10-03 18:01:16,4354.75,2
2021-10-03 18:01:16,4355.0,1
2021-10-03 18:01:16,4355.25,1
2021-10-03 18:01:17,4355.0,2
2021-10-03 18:01:18,4355.0,1
2021-10-03 18:01:18,4354.75,17
2021-10-03 18:01:19,4354.75,3
2021-10-03 18:01:20,4354.75,53
2021-10-03 18:01:22,4355.0,2
2021-10-03 18:01:22,4354.75,7
2021-10-03 18:01:22,4355.0,1
2021-10-03 18:01:24,4355.0,5
2021-10-03 18:01:27,4354.75,4
2021-10-03 18:01:27,4354.5,32
2021-10-03 18:01:28,4354.25,1
2021-10-03 18:01:30,4354.25,5
2021-10-03 18:01:30,4354.0,5
2021-10-03 18:01:31,4354.25,9
2021-10-03 18:01:32,4354.25,1
2021-10-03 18:01:32,4354.5,2
2021-10-03 18:01:33,4354.5,1
2021-10-03 18:01:33,4354.25,1
2021-10-03 18:01:33,4354.5,13
2021-10-03 18:01:35,4354.5,1
2021-10-03 18:01:37,4354.75,1
2021-10-03 18:01:38,4354.5,1
2021-10-03 18:01:38,4354.75,3
2021-10-03 18:01:38,4354.5,1
2021-10-03 18:01:39,4354.5,8
2021-10-03 18:01:40,4354.25,13
2021-10-03 18:01:42,4354.25,3
2021-10-03 18:01:44,4354.0,23
2021-10-03 18:01:44,4354.25,4
2021-10-03 18:01:44,4354.5,8
2021-10-03 18:01:44,4354.25,1
2021-10-03 18:01:45,4354.0,3
2021-10-03 18:01:46,4354.0,3
2021-10-03 18:01:46,4354.25,2
2021-10-03 18:01:50,4354.0,3
2021-10-03 18:01:51,4354.0,1
2021-10-03 18:01:51,4354.25,4
2021-10-03 18:01:52,4354.0,2
2021-10-03 18:01:54,4354.25,6
2021-10-03 18:01:55,4354.5,16
2021-10-03 18:01:55,4354.75,1
2021-10-03 18:01:56,4354.5,2
2021-10-03 18:01:56,4354.75,2
2021-10-03 18:01:56,4354.5,1
2021-10-03 18:01:56,4354.75,32
2021-10-03 18:01:56,4355.0,5
2021-10-03 18:01:56,4354.5,6
2021-10-03 18:01:56,4354.75,2
2021-10-03 18:01:57,4354.75,1
2021-10-03 18:01:59,4354.75,1
2021-10-03 18:01:59,4354.5,2
2021-10-03 18:02:00,4354.5,1
2021-10-03 18:02:00,4354.75,1
2021-10-03 18:02:00,4354.5,3
2021-10-03 18:02:01,4354.5,7
2021-10-03 18:02:01,4354.25,18
2021-10-03 18:02:01,4354.0,19
2021-10-03 18:02:02,4353.75,5
2021-10-03 18:02:03,4353.75,1
2021-10-03 18:02:03,4354.0,5
2021-10-03 18:02:04,4354.0,2
2021-10-03 18:02:04,4354.25,5
2021-10-03 18:02:05,4354.25,12
2021-10-03 18:02:05,4354.0,10
2021-10-03 18:02:05,4353.75,5
2021-10-03 18:02:06,4353.5,2
2021-10-03 18:02:06,4353.75,6
2021-10-03 18:02:06,4354.0,1
2021-10-03 18:02:06,4353.75,7
2021-10-03 18:02:07,4353.75,5
2021-10-03 18:02:08,4353.75,9
2021-10-03 18:02:08,4353.5,1
2021-10-03 18:02:09,4353.5,2
2021-10-03 18:02:10,4353.5,20
2021-10-03 18:02:10,4353.25,17
2021-10-03 18:02:10,4353.0,16
2021-10-03 18:02:10,4353.25,5
2021-10-03 18:02:10,4353.0,4
2021-10-03 18:02:10,4353.25,2
2021-10-03 18:02:11,4353.0,2
2021-10-03 18:02:11,4353.25,2
2021-10-03 18:02:12,4353.25,10
2021-10-03 18:02:12,4353.0,46
2021-10-03 18:02:12,4352.75,1
2021-10-03 18:02:13,4353.0,2
2021-10-03 18:02:14,4353.0,5
2021-10-03 18:02:15,4352.75,2
2021-10-03 18:02:15,4353.0,2
2021-10-03 18:02:16,4352.75,2
2021-10-03 18:02:16,4353.0,8
2021-10-03 18:02:17,4352.75,1
2021-10-03 18:02:17,4353.0,1
2021-10-03 18:02:17,4352.75,1
2021-10-03 18:02:18,4353.0,2
2021-10-03 18:02:18,4352.75,2
2021-10-03 18:02:19,4353.0,3
2021-10-03 18:02:19,4352.75,6
2021-10-03 18:02:19,4352.5,7
2021-10-03 18:02:19,4352.75,1
2021-10-03 18:02:19,4352.5,2
2021-10-03 18:02:19,4352.75,1
2021-10-03 18:02:20,4352.75,1
2021-10-03 18:02:20,4352.5,13
2021-10-03 18:02:20,4352.25,7
2021-10-03 18:02:21,4352.75,2
2021-10-03 18:02:22,4352.75,1
2021-10-03 18:02:22,4353.0,1
2021-10-03 18:02:23,4352.75,1
2021-10-03 18:02:23,4353.0,30
2021-10-03 18:02:24,4353.0,1
2021-10-03 18:02:25,4352.75,1
2021-10-03 18:02:26,4353.0,14
2021-10-03 18:02:27,4353.0,2
2021-10-03 18:02:28,4353.0,1
2021-10-03 18:02:31,4353.0,4
2021-10-03 18:02:32,4353.0,1
2021-10-03 18:02:32,4352.75,1
2021-10-03 18:02:33,4353.0,1
2021-10-03 18:02:33,4352.75,1
2021-10-03 18:02:34,4352.75,1
2021-10-03 18:02:35,4353.0,9
2021-10-03 18:02:35,4352.75,1
2021-10-03 18:02:37,4352.75,8
2021-10-03 18:02:38,4352.75,1
2021-10-03 18:02:39,4352.75,2
2021-10-03 18:02:40,4352.75,2
2021-10-03 18:02:41,4353.0,4
2021-10-03 18:02:42,4352.75,2
2021-10-03 18:02:44,4352.75,3
2021-10-03 18:02:45,4352.5,9
2021-10-03 18:02:46,4352.25,4
2021-10-03 18:02:47,4352.5,8
2021-10-03 18:02:47,4352.25,16
2021-10-03 18:02:48,4352.0,2
2021-10-03 18:02:48,4352.25,2
2021-10-03 18:02:48,4352.0,3
2021-10-03 18:02:48,4352.25,1
2021-10-03 18:02:48,4352.0,1
2021-10-03 18:02:49,4352.25,4
2021-10-03 18:02:49,4352.5,1
2021-10-03 18:02:50,4352.25,3
2021-10-03 18:02:52,4352.25,4
2021-10-03 18:02:52,4352.5,1
2021-10-03 18:02:52,4352.25,2
2021-10-03 18:02:53,4352.25,3
2021-10-03 18:02:55,4352.5,19
2021-10-03 18:02:55,4352.75,6
2021-10-03 18:02:55,4353.0,8
2021-10-03 18:02:56,4353.0,1
2021-10-03 18:02:56,4352.75,2
2021-10-03 18:02:58,4353.0,2
2021-10-03 18:02:59,4352.5,1
2021-10-03 18:02:59,4352.75,1
2021-10-03 18:03:00,4353.0,1
2021-10-03 18:03:01,4352.75,6
2021-10-03 18:03:01,4352.5,10
2021-10-03 18:03:02,4352.5,1
2021-10-03 18:03:02,4352.25,1
2021-10-03 18:03:02,4352.5,1
2021-10-03 18:03:04,4352.5,1
2021-10-03 18:03:07,4352.5,2
2021-10-03 18:03:08,4352.5,1
2021-10-03 18:03:08,4352.25,1
2021-10-03 18:03:09,4352.25,9
2021-10-03 18:03:10,4352.25,3
2021-10-03 18:03:10,4352.5,3
2021-10-03 18:03:12,4352.75,18
2021-10-03 18:03:13,4352.75,7
2021-10-03 18:03:13,4352.5,9
2021-10-03 18:03:14,4352.5,4
2021-10-03 18:03:14,4352.25,1
2021-10-03 18:03:15,4352.25,16
2021-10-03 18:03:16,4352.25,1
2021-10-03 18:03:17,4352.25,3
2021-10-03 18:03:18,4352.5,7
2021-10-03 18:03:19,4352.25,14
2021-10-03 18:03:20,4352.25,1
2021-10-03 18:03:21,4352.25,1
2021-10-03 18:03:24,4352.0,22
2021-10-03 18:03:25,4352.0,1
2021-10-03 18:03:26,4352.0,1
2021-10-03 18:03:27,4352.25,11
2021-10-03 18:03:27,4352.5,9
2021-10-03 18:03:27,4352.75,15
2021-10-03 18:03:27,4353.0,53
2021-10-03 18:03:27,4353.25,4
2021-10-03 18:03:27,4353.0,5
2021-10-03 18:03:27,4353.25,6
2021-10-03 18:03:27,4353.0,1
2021-10-03 18:03:27,4353.25,1
2021-10-03 18:03:27,4353.0,5
2021-10-03 18:03:27,4353.25,9
2021-10-03 18:03:27,4353.0,3
2021-10-03 18:03:28,4353.0,1
2021-10-03 18:03:29,4353.25,2
2021-10-03 18:03:31,4353.0,13
2021-10-03 18:03:32,4352.75,7
2021-10-03 18:03:33,4352.5,5
2021-10-03 18:03:34,4352.5,4
2021-10-03 18:03:37,4352.25,10
2021-10-03 18:03:38,4352.25,4
2021-10-03 18:03:42,4352.0,17
2021-10-03 18:03:43,4352.0,11
2021-10-03 18:03:43,4352.25,2
2021-10-03 18:03:45,4352.25,16
2021-10-03 18:03:46,4352.25,1
2021-10-03 18:03:47,4352.25,3
2021-10-03 18:03:48,4352.0,14
2021-10-03 18:03:49,4351.75,43
2021-10-03 18:03:51,4351.5,21
2021-10-03 18:03:51,4351.25,18
2021-10-03 18:03:51,4351.0,22
2021-10-03 18:03:51,4350.75,18
2021-10-03 18:03:51,4350.5,3
2021-10-03 18:03:51,4350.75,35
2021-10-03 18:03:51,4351.0,3
2021-10-03 18:03:51,4351.25,5
2021-10-03 18:03:51,4351.0,3
2021-10-03 18:03:51,4351.5,21
2021-10-03 18:03:51,4351.25,18
2021-10-03 18:03:51,4351.0,22
2021-10-03 18:03:51,4350.75,18
2021-10-03 18:03:51,4350.5,3
2021-10-03 18:03:51,4350.75,35
2021-10-03 18:03:51,4351.0,3
2021-10-03 18:03:51,4351.25,5
2021-10-03 18:03:51,4351.0,3
2021-10-03 18:03:52,4351.0,7
2021-10-03 18:03:52,4350.75,6
2021-10-03 18:03:52,4350.5,6
2021-10-03 18:03:52,4350.75,2
2021-10-03 18:03:52,4350.5,2
2021-10-03 18:03:52,4350.75,5
2021-10-03 18:03:53,4350.75,1
2021-10-03 18:03:54,4351.0,3
2021-10-03 18:03:54,4351.25,28
2021-10-03 18:03:54,4351.0,6
2021-10-03 18:03:55,4350.75,25
2021-10-03 18:03:56,4350.75,1
2021-10-03 18:03:57,4350.75,1
2021-10-03 18:03:58,4350.5,5
2021-10-03 18:03:59,4350.75,4
2021-10-03 18:03:59,4350.5,1
2021-10-03 18:04:00,4350.5,6
2021-10-03 18:04:01,4350.5,1
2021-10-03 18:04:01,4350.75,1
2021-10-03 18:04:01,4350.5,5
2021-10-03 18:04:02,4350.5,1
2021-10-03 18:04:02,4350.25,20
2021-10-03 18:04:02,4350.0,5
2021-10-03 18:04:03,4350.25,10
2021-10-03 18:04:05,4350.25,1
2021-10-03 18:04:07,4350.25,1
2021-10-03 18:04:08,4350.0,13
2021-10-03 18:04:08,4349.75,10
2021-10-03 18:04:09,4349.75,8
2021-10-03 18:04:10,4349.75,5
2021-10-03 18:04:11,4349.75,3
2021-10-03 18:04:12,4349.75,2
2021-10-03 18:04:14,4349.5,1
2021-10-03 18:04:14,4349.75,7
2021-10-03 18:04:15,4349.75,7
2021-10-03 18:04:16,4349.5,25
2021-10-03 18:04:16,4349.25,7
2021-10-03 18:04:16,4349.5,4
2021-10-03 18:04:17,4349.75,1
2021-10-03 18:04:17,4349.5,1
2021-10-03 18:04:17,4349.75,6
2021-10-03 18:04:19,4349.5,7
2021-10-03 18:04:20,4349.5,2
2021-10-03 18:04:21,4349.5,2
2021-10-03 18:04:22,4349.75,13
2021-10-03 18:04:24,4349.75,1
2021-10-03 18:04:25,4349.5,2
2021-10-03 18:04:25,4349.75,1
2021-10-03 18:04:26,4349.5,21
2021-10-03 18:04:27,4349.5,2
2021-10-03 18:04:28,4349.5,3
2021-10-03 18:04:30,4349.25,1
2021-10-03 18:04:31,4349.25,1
2021-10-03 18:04:33,4349.25,29
2021-10-03 18:04:34,4349.25,1
2021-10-03 18:04:35,4349.25,1
2021-10-03 18:04:36,4349.0,3
2021-10-03 18:04:37,4349.25,1
2021-10-03 18:04:37,4349.0,1
2021-10-03 18:04:37,4349.25,1
2021-10-03 18:04:38,4349.25,11
2021-10-03 18:04:39,4349.25,1
2021-10-03 18:04:40,4349.5,1
2021-10-03 18:04:41,4349.5,1
2021-10-03 18:04:42,4349.5,6
2021-10-03 18:04:44,4349.25,2
2021-10-03 18:04:45,4349.5,1
2021-10-03 18:04:46,4349.5,3
2021-10-03 18:04:47,4349.5,1
2021-10-03 18:04:49,4349.25,14
2021-10-03 18:04:49,4349.0,56
2021-10-03 18:04:49,4348.75,6
2021-10-03 18:04:49,4348.5,4
2021-10-03 18:04:51,4348.5,16
2021-10-03 18:04:52,4348.25,2
2021-10-03 18:04:53,4348.25,9
2021-10-03 18:04:53,4348.0,11
2021-10-03 18:04:54,4348.0,1
2021-10-03 18:04:55,4347.75,7
2021-10-03 18:04:55,4348.0,10
2021-10-03 18:04:57,4347.75,8
2021-10-03 18:04:58,4347.75,3
2021-10-03 18:04:58,4348.0,1
2021-10-03 18:04:59,4347.75,6
2021-10-03 18:05:00,4347.75,1
2021-10-03 18:05:01,4347.5,40
2021-10-03 18:05:02,4347.5,50
2021-10-03 18:05:03,4347.5,6
2021-10-03 18:05:04,4347.75,1
2021-10-03 18:05:04,4347.5,7
2021-10-03 18:05:05,4347.75,1
2021-10-03 18:05:05,4347.5,1
2021-10-03 18:05:05,4347.75,1
2021-10-03 18:05:05,4347.5,5
2021-10-03 18:05:06,4347.5,6
2021-10-03 18:05:07,4347.5,1
2021-10-03 18:05:08,4347.75,8
2021-10-03 18:05:08,4347.5,1
2021-10-03 18:05:09,4347.5,1
2021-10-03 18:05:09,4347.75,3
2021-10-03 18:05:10,4348.0,17
2021-10-03 18:05:10,4348.25,5
2021-10-03 18:05:10,4348.5,1
2021-10-03 18:05:11,4348.5,1
2021-10-03 18:05:11,4348.25,8
2021-10-03 18:05:13,4348.25,1
2021-10-03 18:05:14,4348.25,2
2021-10-03 18:05:14,4348.5,15
2021-10-03 18:05:14,4348.75,2
2021-10-03 18:05:14,4348.5,2
2021-10-03 18:05:15,4348.75,1
2021-10-03 18:05:15,4348.5,5
2021-10-03 18:05:15,4348.25,14
2021-10-03 18:05:16,4348.25,2
2021-10-03 18:05:20,4348.25,1
2021-10-03 18:05:22,4348.25,1
2021-10-03 18:05:25,4348.25,2
2021-10-03 18:05:26,4348.25,1
2021-10-03 18:05:26,4348.5,5
2021-10-03 18:05:26,4348.75,16
2021-10-03 18:05:26,4349.0,40
2021-10-03 18:05:26,4348.75,2
2021-10-03 18:05:26,4349.0,8
2021-10-03 18:05:26,4348.75,1
2021-10-03 18:05:27,4348.5,1
2021-10-03 18:05:28,4348.5,1
2021-10-03 18:05:29,4348.75,5
2021-10-03 18:05:29,4348.5,1
2021-10-03 18:05:29,4348.75,3
2021-10-03 18:05:30,4348.75,4
2021-10-03 18:05:30,4348.5,11
2021-10-03 18:05:30,4348.25,5
2021-10-03 18:05:30,4348.5,1
2021-10-03 18:05:32,4348.5,1
2021-10-03 18:05:33,4348.5,2
2021-10-03 18:05:37,4348.5,2
2021-10-03 18:05:39,4348.75,8
2021-10-03 18:05:40,4348.75,2
2021-10-03 18:05:40,4348.5,14
2021-10-03 18:05:40,4348.25,4
2021-10-03 18:05:40,4348.75,4
2021-10-03 18:05:41,4348.75,3
2021-10-03 18:05:42,4349.0,3
2021-10-03 18:05:42,4349.25,2
2021-10-03 18:05:43,4349.25,1
2021-10-03 18:05:44,4349.0,1
2021-10-03 18:05:45,4349.25,9
2021-10-03 18:05:46,4349.5,1
2021-10-03 18:05:46,4349.25,1
2021-10-03 18:05:46,4349.5,3
2021-10-03 18:05:47,4349.5,2
2021-10-03 18:05:47,4349.75,1
2021-10-03 18:05:47,4349.5,2
2021-10-03 18:05:47,4349.25,1
2021-10-03 18:05:48,4349.5,1
2021-10-03 18:05:50,4349.5,5
2021-10-03 18:05:50,4349.25,1
2021-10-03 18:05:52,4349.5,2
2021-10-03 18:05:55,4349.75,2
2021-10-03 18:05:58,4349.75,3
2021-10-03 18:05:59,4349.75,4
2021-10-03 18:06:00,4349.75,3
2021-10-03 18:06:01,4349.5,5
2021-10-03 18:06:02,4349.5,4
2021-10-03 18:06:03,4349.5,21
2021-10-03 18:06:04,4349.5,4
2021-10-03 18:06:09,4349.5,3
2021-10-03 18:06:12,4349.5,1
2021-10-03 18:06:15,4349.5,4
2021-10-03 18:06:16,4349.5,1
2021-10-03 18:06:17,4349.5,1
2021-10-03 18:06:20,4349.75,1
2021-10-03 18:06:21,4349.25,10
2021-10-03 18:06:22,4349.25,1
2021-10-03 18:06:23,4349.25,1
2021-10-03 18:06:26,4349.5,3
2021-10-03 18:06:27,4349.5,1
2021-10-03 18:06:28,4349.5,11
2021-10-03 18:06:29,4349.5,1
2021-10-03 18:06:32,4349.5,1
2021-10-03 18:06:33,4349.25,1
2021-10-03 18:06:35,4349.25,5
2021-10-03 18:06:35,4349.0,16
2021-10-03 18:06:36,4349.0,1
2021-10-03 18:06:36,4348.75,33
2021-10-03 18:06:40,4348.5,7
2021-10-03 18:06:40,4348.75,5
2021-10-03 18:06:42,4348.75,34
2021-10-03 18:06:51,4348.75,1
2021-10-03 18:06:54,4348.75,5
2021-10-03 18:06:55,4348.75,2
2021-10-03 18:06:57,4349.0,1
2021-10-03 18:06:58,4349.0,7
2021-10-03 18:06:58,4349.25,13
2021-10-03 18:06:58,4349.5,2
2021-10-03 18:07:04,4349.5,20
2021-10-03 18:07:08,4349.5,1
2021-10-03 18:07:09,4349.75,9
2021-10-03 18:07:10,4349.75,2
2021-10-03 18:07:12,4349.75,4
2021-10-03 18:07:12,4349.5,5
2021-10-03 18:07:15,4349.75,16
2021-10-03 18:07:17,4349.75,2
2021-10-03 18:07:19,4349.5,6
2021-10-03 18:07:23,4349.75,5
2021-10-03 18:07:24,4349.75,1
2021-10-03 18:07:25,4349.75,4
2021-10-03 18:07:26,4349.75,6
2021-10-03 18:07:30,4349.75,6
2021-10-03 18:07:31,4349.75,5
2021-10-03 18:07:32,4350.0,30
2021-10-03 18:07:33,4350.25,3
2021-10-03 18:07:33,4350.0,1
2021-10-03 18:07:33,4350.25,16
2021-10-03 18:07:33,4350.5,15
2021-10-03 18:07:34,4350.5,1
2021-10-03 18:07:34,4350.25,13
2021-10-03 18:07:35,4350.25,4
2021-10-03 18:07:36,4350.25,4
2021-10-03 18:07:37,4350.25,1
2021-10-03 18:07:39,4350.0,19
2021-10-03 18:07:41,4350.0,3
2021-10-03 18:07:43,4349.75,1
2021-10-03 18:07:43,4350.0,3
2021-10-03 18:07:44,4350.0,1
2021-10-03 18:07:45,4350.0,3
2021-10-03 18:07:47,4350.25,31
2021-10-03 18:07:48,4350.25,1
2021-10-03 18:07:49,4350.5,13
2021-10-03 18:07:50,4350.25,9
2021-10-03 18:07:51,4350.25,5
2021-10-03 18:07:54,4350.0,15
2021-10-03 18:07:55,4350.0,2
2021-10-03 18:08:01,4350.0,1
2021-10-03 18:08:01,4349.75,15
2021-10-03 18:08:02,4349.5,11
2021-10-03 18:08:04,4349.25,22
2021-10-03 18:08:04,4349.0,10
2021-10-03 18:08:05,4349.0,2
2021-10-03 18:08:06,4349.0,1
2021-10-03 18:08:08,4349.0,8
2021-10-03 18:08:09,4349.0,2
2021-10-03 18:08:11,4349.0,1
2021-10-03 18:08:13,4348.75,27
2021-10-03 18:08:14,4348.5,1
2021-10-03 18:08:14,4348.75,1
2021-10-03 18:08:16,4348.75,5
2021-10-03 18:08:17,4348.75,3
2021-10-03 18:08:23,4348.75,2
2021-10-03 18:08:26,4349.0,10
2021-10-03 18:08:27,4349.0,5
2021-10-03 18:08:27,4349.25,8
2021-10-03 18:08:27,4349.5,4
2021-10-03 18:08:29,4349.5,1
2021-10-03 18:08:30,4349.25,12
2021-10-03 18:08:34,4349.25,1
2021-10-03 18:08:35,4349.5,5
2021-10-03 18:08:36,4349.5,1
2021-10-03 18:08:37,4349.5,1
2021-10-03 18:08:45,4349.5,1
2021-10-03 18:08:45,4349.75,2
2021-10-03 18:08:55,4349.75,5
2021-10-03 18:08:55,4349.5,13
2021-10-03 18:08:55,4349.25,25
2021-10-03 18:08:55,4349.0,16
2021-10-03 18:08:56,4348.75,4
2021-10-03 18:08:56,4349.0,7
2021-10-03 18:09:01,4349.0,2
2021-10-03 18:09:02,4349.0,38
2021-10-03 18:09:03,4349.0,2
2021-10-03 18:09:10,4349.0,1
2021-10-03 18:09:12,4349.25,1
2021-10-03 18:09:12,4349.0,8
2021-10-03 18:09:17,4348.75,15
2021-10-03 18:09:18,4348.75,3
2021-10-03 18:09:19,4348.5,17
2021-10-03 18:09:21,4348.5,7
2021-10-03 18:09:22,4348.5,3
2021-10-03 18:09:23,4348.5,2
2021-10-03 18:09:23,4348.75,25
2021-10-03 18:09:23,4349.0,19
2021-10-03 18:09:23,4349.25,10
2021-10-03 18:09:23,4349.0,2
2021-10-03 18:09:32,4349.0,13
2021-10-03 18:09:33,4348.75,1
2021-10-03 18:09:34,4349.0,1
2021-10-03 18:09:36,4349.0,7
2021-10-03 18:09:38,4349.0,1
2021-10-03 18:09:38,4349.25,11
2021-10-03 18:09:39,4349.5,1
2021-10-03 18:09:40,4349.5,5
2021-10-03 18:09:40,4349.75,2
2021-10-03 18:09:41,4349.75,2
2021-10-03 18:09:43,4349.75,4
2021-10-03 18:09:44,4350.0,47
2021-10-03 18:09:46,4350.25,1
2021-10-03 18:09:46,4350.0,16
2021-10-03 18:09:46,4349.75,5
2021-10-03 18:09:47,4349.75,1
2021-10-03 18:09:47,4350.0,7
2021-10-03 18:09:48,4350.0,3
2021-10-03 18:09:48,4349.75,15
2021-10-03 18:09:53,4349.5,1
2021-10-03 18:09:56,4349.75,1
2021-10-03 18:09:57,4349.5,1
2021-10-03 18:09:57,4349.75,1
2021-10-03 18:10:07,4349.75,2
2021-10-03 18:10:08,4350.0,30
2021-10-03 18:10:09,4350.25,1
2021-10-03 18:10:10,4350.25,11
2021-10-03 18:10:13,4350.5,4
2021-10-03 18:10:14,4350.5,5
2021-10-03 18:10:15,4350.5,1
2021-10-03 18:10:17,4350.5,8
2021-10-03 18:10:18,4350.5,1
2021-10-03 18:10:19,4350.75,3
2021-10-03 18:10:21,4350.75,9
2021-10-03 18:10:22,4351.0,26
2021-10-03 18:10:22,4350.75,2
2021-10-03 18:10:23,4351.0,2
2021-10-03 18:10:24,4351.0,1
2021-10-03 18:10:26,4351.0,2
2021-10-03 18:10:27,4350.75,16
2021-10-03 18:10:27,4350.5,1
2021-10-03 18:10:32,4350.5,2
2021-10-03 18:10:35,4350.75,8
2021-10-03 18:10:36,4350.75,2
2021-10-03 18:10:37,4350.75,1
2021-10-03 18:10:37,4350.5,13
2021-10-03 18:10:39,4350.5,20
2021-10-03 18:10:45,4350.5,2
2021-10-03 18:10:46,4350.75,1
2021-10-03 18:10:47,4350.75,1
2021-10-03 18:10:51,4351.0,11
2021-10-03 18:10:52,4351.25,2
2021-10-03 18:10:53,4351.0,17
2021-10-03 18:10:53,4350.75,3
2021-10-03 18:10:53,4351.0,1
2021-10-03 18:10:54,4351.25,1
2021-10-03 18:10:55,4351.25,1
2021-10-03 18:10:57,4351.25,1
2021-10-03 18:10:59,4351.25,8
2021-10-03 18:11:00,4351.25,1
2021-10-03 18:11:03,4351.25,20
2021-10-03 18:11:05,4351.0,4
2021-10-03 18:11:06,4351.25,7
2021-10-03 18:11:07,4351.0,2
2021-10-03 18:11:08,4351.0,1
2021-10-03 18:11:09,4351.25,2
2021-10-03 18:11:11,4351.5,1
2021-10-03 18:11:12,4351.5,33
2021-10-03 18:11:12,4351.25,5
2021-10-03 18:11:13,4351.0,10
2021-10-03 18:11:14,4350.75,5
2021-10-03 18:11:15,4350.75,1
2021-10-03 18:11:20,4350.5,9
2021-10-03 18:11:21,4350.75,7
2021-10-03 18:11:22,4351.0,2
2021-10-03 18:11:22,4351.25,1
2021-10-03 18:11:22,4351.0,1
2021-10-03 18:11:25,4351.0,10
2021-10-03 18:11:25,4350.75,3
2021-10-03 18:11:26,4350.75,1
2021-10-03 18:11:27,4351.0,1
2021-10-03 18:11:29,4351.0,1
2021-10-03 18:11:31,4351.0,13
2021-10-03 18:11:35,4351.0,3
2021-10-03 18:11:37,4351.0,5
2021-10-03 18:11:37,4351.25,19
2021-10-03 18:11:37,4351.5,1
2021-10-03 18:11:37,4351.25,1
2021-10-03 18:11:40,4351.0,1
2021-10-03 18:11:40,4351.25,1
2021-10-03 18:11:41,4351.25,4
2021-10-03 18:11:47,4351.5,24
2021-10-03 18:11:47,4351.75,2
2021-10-03 18:11:49,4351.25,20
2021-10-03 18:11:51,4351.25,2
2021-10-03 18:11:51,4351.0,1
2021-10-03 18:11:52,4351.0,1
2021-10-03 18:11:54,4351.25,1
2021-10-03 18:11:56,4351.25,1
2021-10-03 18:11:58,4351.5,2
2021-10-03 18:11:59,4351.5,1
2021-10-03 18:12:00,4351.5,11
2021-10-03 18:12:01,4351.25,1
2021-10-03 18:12:03,4351.25,13
2021-10-03 18:12:04,4351.25,6
2021-10-03 18:12:06,4351.5,1
2021-10-03 18:12:14,4351.25,8
2021-10-03 18:12:15,4351.25,1
2021-10-03 18:12:17,4351.5,1
2021-10-03 18:12:18,4351.5,3
2021-10-03 18:12:21,4351.5,2
2021-10-03 18:12:24,4351.25,17
2021-10-03 18:12:33,4351.25,2
2021-10-03 18:12:33,4351.5,1
2021-10-03 18:12:35,4351.25,1
2021-10-03 18:12:36,4351.5,1
2021-10-03 18:12:37,4351.5,6
2021-10-03 18:12:43,4351.5,1
2021-10-03 18:12:46,4351.5,2
2021-10-03 18:12:50,4351.75,1
2021-10-03 18:12:52,4351.5,1
2021-10-03 18:12:53,4351.75,5
2021-10-03 18:12:54,4351.75,7
2021-10-03 18:12:54,4352.0,65
2021-10-03 18:12:55,4352.0,1
2021-10-03 18:12:56,4352.0,14
2021-10-03 18:12:57,4352.0,1
2021-10-03 18:13:00,4352.0,2
2021-10-03 18:13:02,4352.0,1
2021-10-03 18:13:06,4352.0,9
2021-10-03 18:13:07,4352.0,23
2021-10-03 18:13:08,4352.25,17
2021-10-03 18:13:09,4352.25,1
2021-10-03 18:13:10,4352.5,31
2021-10-03 18:13:12,4352.5,1
2021-10-03 18:13:13,4352.5,1
2021-10-03 18:13:13,4352.25,2
2021-10-03 18:13:17,4352.5,1
2021-10-03 18:13:18,4352.5,9
2021-10-03 18:13:18,4352.25,1
2021-10-03 18:13:18,4352.5,6
2021-10-03 18:13:19,4352.5,10
2021-10-03 18:13:21,4352.5,2
2021-10-03 18:13:22,4352.5,1
2021-10-03 18:13:23,4352.25,52
2021-10-03 18:13:24,4352.25,5
2021-10-03 18:13:25,4352.0,1
2021-10-03 18:13:27,4352.0,1
2021-10-03 18:13:28,4352.25,3
2021-10-03 18:13:31,4352.25,6
2021-10-03 18:13:32,4352.25,1
2021-10-03 18:13:35,4352.25,1
2021-10-03 18:13:37,4352.5,6
2021-10-03 18:13:41,4352.75,13
2021-10-03 18:13:41,4352.5,2
2021-10-03 18:13:42,4352.75,1
2021-10-03 18:13:46,4352.75,2
2021-10-03 18:13:49,4352.5,28
2021-10-03 18:13:50,4352.5,4
2021-10-03 18:13:50,4352.25,2
2021-10-03 18:13:51,4352.5,1
2021-10-03 18:13:52,4352.25,17
2021-10-03 18:13:52,4352.0,29
2021-10-03 18:13:52,4351.75,20
2021-10-03 18:13:52,4351.5,18
2021-10-03 18:13:54,4351.25,10
2021-10-03 18:13:54,4351.0,3
2021-10-03 18:13:54,4351.25,15
2021-10-03 18:13:55,4351.5,67
2021-10-03 18:13:55,4351.75,20
2021-10-03 18:13:55,4351.5,67
2021-10-03 18:13:55,4351.75,20
2021-10-03 18:14:02,4351.75,1
2021-10-03 18:14:02,4351.5,1
2021-10-03 18:14:03,4351.5,14
2021-10-03 18:14:04,4351.25,7
2021-10-03 18:14:05,4351.0,2
2021-10-03 18:14:06,4351.25,2
2021-10-03 18:14:08,4351.25,5
2021-10-03 18:14:11,4351.25,4
2021-10-03 18:14:15,4351.25,2
2021-10-03 18:14:20,4351.25,1
2021-10-03 18:14:21,4351.25,1
2021-10-03 18:14:22,4351.25,1
2021-10-03 18:14:27,4351.25,1
2021-10-03 18:14:28,4351.25,1
2021-10-03 18:14:33,4351.25,1
2021-10-03 18:14:35,4351.25,18
2021-10-03 18:14:40,4351.0,1
2021-10-03 18:14:41,4351.25,1
2021-10-03 18:14:41,4351.0,30
2021-10-03 18:14:44,4350.75,27
2021-10-03 18:14:44,4351.0,33
2021-10-03 18:14:44,4350.75,16
2021-10-03 18:14:45,4350.75,14
2021-10-03 18:14:47,4350.75,2
2021-10-03 18:14:49,4350.5,1
2021-10-03 18:14:49,4350.75,8
2021-10-03 18:14:50,4351.0,5
2021-10-03 18:14:56,4350.75,9
2021-10-03 18:14:57,4350.75,1
2021-10-03 18:14:58,4350.75,9
2021-10-03 18:14:58,4350.5,29
2021-10-03 18:14:59,4350.5,1
2021-10-03 18:15:00,4350.5,8
2021-10-03 18:15:00,4350.25,1
2021-10-03 18:15:00,4350.5,1
2021-10-03 18:15:01,4350.25,2
2021-10-03 18:15:02,4350.5,2
2021-10-03 18:15:02,4350.25,18
2021-10-03 18:15:02,4350.0,10
2021-10-03 18:15:02,4350.25,1
2021-10-03 18:15:02,4350.5,2
2021-10-03 18:15:03,4350.5,5
2021-10-03 18:15:07,4350.25,49
2021-10-03 18:15:09,4350.5,9
2021-10-03 18:15:10,4350.5,1
2021-10-03 18:15:15,4350.5,7
2021-10-03 18:15:18,4350.25,3
2021-10-03 18:15:19,4350.25,1
2021-10-03 18:15:21,4350.25,1
2021-10-03 18:15:22,4350.25,1
2021-10-03 18:15:23,4350.25,7
2021-10-03 18:15:24,4350.25,1
2021-10-03 18:15:27,4350.25,5
2021-10-03 18:15:31,4350.25,2
2021-10-03 18:15:33,4350.25,1
2021-10-03 18:15:40,4350.5,35
2021-10-03 18:15:40,4350.75,12
2021-10-03 18:15:44,4351.0,11
2021-10-03 18:15:44,4351.25,16
2021-10-03 18:15:47,4351.25,2
2021-10-03 18:15:48,4351.25,4
2021-10-03 18:15:49,4351.25,1
2021-10-03 18:15:50,4351.25,1
2021-10-03 18:15:51,4351.5,9
2021-10-03 18:15:52,4351.75,1
2021-10-03 18:15:53,4351.75,12
2021-10-03 18:15:53,4351.5,2
2021-10-03 18:15:56,4351.5,1
2021-10-03 18:16:01,4351.5,16
2021-10-03 18:16:02,4351.5,8
2021-10-03 18:16:05,4351.75,6
2021-10-03 18:16:07,4352.0,8
2021-10-03 18:16:07,4352.25,17
2021-10-03 18:16:08,4352.0,1
2021-10-03 18:16:08,4352.25,5
2021-10-03 18:16:08,4352.5,6
2021-10-03 18:16:08,4352.25,15
2021-10-03 18:16:11,4352.25,2
2021-10-03 18:16:11,4352.5,15
2021-10-03 18:16:11,4352.75,21
2021-10-03 18:16:11,4353.0,15
2021-10-03 18:16:11,4352.5,21
2021-10-03 18:16:11,4352.75,14
2021-10-03 18:16:11,4353.0,25
2021-10-03 18:16:11,4352.75,1
2021-10-03 18:16:12,4352.75,2
2021-10-03 18:16:12,4353.0,1
2021-10-03 18:16:13,4353.0,1
2021-10-03 18:16:14,4353.0,1
2021-10-03 18:16:15,4353.0,2
2021-10-03 18:16:16,4353.0,16
2021-10-03 18:16:17,4353.25,16
2021-10-03 18:16:18,4353.5,65
2021-10-03 18:16:18,4353.25,8
2021-10-03 18:16:18,4353.5,2
2021-10-03 18:16:18,4353.25,11
2021-10-03 18:16:19,4353.25,3
2021-10-03 18:16:20,4353.0,12
2021-10-03 18:16:21,4352.75,3
2021-10-03 18:16:23,4352.75,1
2021-10-03 18:16:24,4352.5,2
2021-10-03 18:16:25,4352.5,3
2021-10-03 18:16:26,4352.75,5
2021-10-03 18:16:26,4353.0,5
2021-10-03 18:16:26,4352.75,4
2021-10-03 18:16:26,4352.5,1
2021-10-03 18:16:27,4352.75,1
2021-10-03 18:16:28,4352.75,3
2021-10-03 18:16:29,4352.75,1
2021-10-03 18:16:30,4352.75,7
2021-10-03 18:16:30,4353.0,2
2021-10-03 18:16:31,4352.75,4
2021-10-03 18:16:33,4353.0,2
2021-10-03 18:16:34,4352.75,8
2021-10-03 18:16:35,4352.5,1
2021-10-03 18:16:35,4352.75,3
2021-10-03 18:16:36,4353.0,2
2021-10-03 18:16:37,4353.0,9
2021-10-03 18:16:40,4353.25,19
2021-10-03 18:16:41,4353.25,1
2021-10-03 18:16:42,4353.0,12
2021-10-03 18:16:43,4352.75,4
2021-10-03 18:16:44,4352.5,15
2021-10-03 18:16:45,4352.25,8
2021-10-03 18:16:45,4352.0,1
2021-10-03 18:16:45,4352.25,11
2021-10-03 18:16:46,4352.5,1
2021-10-03 18:16:46,4352.25,12
2021-10-03 18:16:52,4352.5,8
2021-10-03 18:16:55,4352.5,7
2021-10-03 18:16:56,4352.5,1
2021-10-03 18:16:59,4352.5,1
2021-10-03 18:17:03,4352.25,1
2021-10-03 18:17:04,4352.5,1
2021-10-03 18:17:06,4352.5,6
2021-10-03 18:17:07,4352.5,1
2021-10-03 18:17:09,4352.5,7
2021-10-03 18:17:17,4352.75,11
2021-10-03 18:17:18,4352.75,1
2021-10-03 18:17:19,4352.75,11
2021-10-03 18:17:20,4352.5,6
2021-10-03 18:17:38,4352.5,1
2021-10-03 18:17:39,4352.5,1
2021-10-03 18:17:45,4352.5,1
2021-10-03 18:17:46,4352.25,20
2021-10-03 18:17:50,4352.0,1
2021-10-03 18:17:52,4352.25,11
2021-10-03 18:18:03,4352.25,6
2021-10-03 18:18:08,4352.25,3
2021-10-03 18:18:09,4352.25,4
2021-10-03 18:18:20,4352.25,7
2021-10-03 18:18:21,4352.25,3
2021-10-03 18:18:21,4352.5,15
2021-10-03 18:18:21,4352.75,18
2021-10-03 18:18:27,4353.0,13
2021-10-03 18:18:29,4353.0,1
2021-10-03 18:18:34,4353.25,9
2021-10-03 18:18:37,4353.25,9
2021-10-03 18:18:39,4353.25,21
2021-10-03 18:18:40,4353.25,8
2021-10-03 18:18:41,4353.25,5
2021-10-03 18:18:42,4353.0,1
2021-10-03 18:18:42,4353.25,1
2021-10-03 18:18:43,4353.0,9
2021-10-03 18:18:43,4352.75,22
2021-10-03 18:18:43,4352.5,21
2021-10-03 18:18:43,4352.75,5
2021-10-03 18:18:45,4353.0,6
2021-10-03 18:18:45,4353.25,4
2021-10-03 18:18:49,4353.25,5
2021-10-03 18:18:50,4353.25,4
2021-10-03 18:18:51,4353.5,1
2021-10-03 18:18:51,4353.25,3
2021-10-03 18:18:52,4353.5,48
2021-10-03 18:18:53,4353.25,1
2021-10-03 18:18:53,4353.5,18
2021-10-03 18:18:54,4353.5,7
2021-10-03 18:18:55,4353.25,1
2021-10-03 18:18:55,4353.5,2
2021-10-03 18:18:57,4353.25,24
2021-10-03 18:19:02,4353.25,1
2021-10-03 18:19:08,4353.25,5
2021-10-03 18:19:08,4353.5,63
2021-10-03 18:19:11,4353.5,11
2021-10-03 18:19:16,4353.5,1
2021-10-03 18:19:18,4353.5,2
2021-10-03 18:19:19,4353.5,8
2021-10-03 18:19:19,4353.25,20
2021-10-03 18:19:19,4353.0,11
2021-10-03 18:19:33,4353.0,3
2021-10-03 18:19:33,4353.25,2
2021-10-03 18:19:35,4353.5,1
2021-10-03 18:19:39,4353.75,2
2021-10-03 18:19:40,4353.5,1
2021-10-03 18:19:41,4353.5,16
2021-10-03 18:19:43,4353.5,1
2021-10-03 18:19:46,4353.5,3
2021-10-03 18:19:49,4353.5,1
2021-10-03 18:19:50,4353.25,11
2021-10-03 18:19:59,4353.0,1
2021-10-03 18:20:01,4353.0,10
2021-10-03 18:20:01,4352.75,24
2021-10-03 18:20:01,4352.5,16
2021-10-03 18:20:01,4352.75,12
2021-10-03 18:20:01,4353.0,7
2021-10-03 18:20:03,4353.25,6
2021-10-03 18:20:04,4353.25,2
2021-10-03 18:20:05,4353.5,17
2021-10-03 18:20:13,4353.75,16
2021-10-03 18:20:14,4353.75,1
2021-10-03 18:20:15,4354.0,29
2021-10-03 18:20:15,4354.25,11
2021-10-03 18:20:15,4354.5,31
2021-10-03 18:20:15,4354.75,1
2021-10-03 18:20:16,4354.5,1
2021-10-03 18:20:16,4354.75,32
2021-10-03 18:20:16,4355.0,63
2021-10-03 18:20:17,4355.0,5
2021-10-03 18:20:18,4355.0,11
2021-10-03 18:20:19,4355.25,29
2021-10-03 18:20:20,4355.0,1
2021-10-03 18:20:20,4355.25,7
2021-10-03 18:20:21,4355.25,2
2021-10-03 18:20:21,4355.5,16
2021-10-03 18:20:21,4355.75,3
2021-10-03 18:20:21,4355.5,16
2021-10-03 18:20:21,4355.25,4
2021-10-03 18:20:22,4355.5,9
2021-10-03 18:20:23,4355.5,1
2021-10-03 18:20:23,4355.75,9
2021-10-03 18:20:24,4355.5,1
2021-10-03 18:20:24,4355.75,3
2021-10-03 18:20:24,4356.0,16
2021-10-03 18:20:24,4355.75,1
2021-10-03 18:20:24,4356.0,1
2021-10-03 18:20:25,4355.75,30
2021-10-03 18:20:26,4355.75,7
2021-10-03 18:20:26,4356.0,3
2021-10-03 18:20:26,4355.75,4
2021-10-03 18:20:26,4355.5,1
2021-10-03 18:20:26,4355.75,9
2021-10-03 18:20:27,4355.75,2
2021-10-03 18:20:28,4355.75,12
2021-10-03 18:20:29,4355.5,1
2021-10-03 18:20:29,4355.75,1
2021-10-03 18:20:30,4355.75,14
2021-10-03 18:20:30,4355.5,3
2021-10-03 18:20:31,4355.5,6
2021-10-03 18:20:31,4355.75,1
2021-10-03 18:20:32,4355.5,10
2021-10-03 18:20:33,4355.5,1
2021-10-03 18:20:34,4355.25,5
2021-10-03 18:20:35,4355.5,11
2021-10-03 18:20:36,4355.5,3
2021-10-03 18:20:37,4355.5,1
2021-10-03 18:20:38,4355.5,1
2021-10-03 18:20:39,4355.5,1
2021-10-03 18:20:39,4355.75,1
2021-10-03 18:20:40,4355.75,9
2021-10-03 18:20:40,4356.0,1
2021-10-03 18:20:41,4355.75,4
2021-10-03 18:20:42,4355.75,2
2021-10-03 18:20:43,4356.0,2
2021-10-03 18:20:43,4355.75,1
2021-10-03 18:20:43,4356.0,35
2021-10-03 18:20:45,4356.25,6
2021-10-03 18:20:45,4356.5,4
2021-10-03 18:20:45,4356.25,8
2021-10-03 18:20:45,4356.0,1
2021-10-03 18:20:46,4356.0,1
2021-10-03 18:20:47,4356.25,7
2021-10-03 18:20:48,4356.25,14
2021-10-03 18:20:49,4356.0,20
2021-10-03 18:20:49,4355.75,24
2021-10-03 18:20:50,4355.75,2
2021-10-03 18:20:50,4355.5,2
2021-10-03 18:20:51,4355.75,17
2021-10-03 18:20:52,4355.5,11
2021-10-03 18:20:52,4355.25,31
2021-10-03 18:20:53,4355.25,1
2021-10-03 18:20:53,4355.0,3
2021-10-03 18:20:53,4355.25,8
2021-10-03 18:20:54,4355.25,1
2021-10-03 18:20:57,4355.25,5
2021-10-03 18:20:58,4355.5,9
2021-10-03 18:20:59,4355.75,10
2021-10-03 18:21:01,4355.5,22
2021-10-03 18:21:04,4355.25,34
2021-10-03 18:21:05,4355.0,2
2021-10-03 18:21:07,4355.25,1
2021-10-03 18:21:10,4355.0,1
2021-10-03 18:21:11,4355.25,2
2021-10-03 18:21:12,4355.0,9
2021-10-03 18:21:13,4354.75,3
2021-10-03 18:21:13,4354.5,2
2021-10-03 18:21:13,4354.75,2
2021-10-03 18:21:13,4354.5,1
2021-10-03 18:21:13,4354.75,5
2021-10-03 18:21:14,4355.0,8
2021-10-03 18:21:16,4355.0,16
2021-10-03 18:21:21,4355.0,11
2021-10-03 18:21:24,4355.0,3
2021-10-03 18:21:24,4354.75,12
2021-10-03 18:21:26,4354.5,1
2021-10-03 18:21:27,4354.75,5
2021-10-03 18:21:31,4354.5,24
2021-10-03 18:21:32,4354.5,2
2021-10-03 18:21:35,4354.75,10
2021-10-03 18:21:37,4355.0,11
2021-10-03 18:21:40,4355.0,3
2021-10-03 18:21:41,4355.0,3
2021-10-03 18:21:42,4355.25,13
2021-10-03 18:21:42,4355.5,22
2021-10-03 18:21:42,4355.75,5
2021-10-03 18:21:42,4355.5,2
2021-10-03 18:21:42,4355.25,1
2021-10-03 18:21:42,4355.5,8
2021-10-03 18:21:45,4355.75,14
2021-10-03 18:21:46,4356.0,9
2021-10-03 18:21:47,4356.0,5
2021-10-03 18:21:48,4356.0,4
2021-10-03 18:21:48,4355.75,13
2021-10-03 18:21:49,4355.75,5
2021-10-03 18:21:52,4355.5,3
2021-10-03 18:22:00,4355.75,2
2021-10-03 18:22:02,4355.75,3
2021-10-03 18:22:02,4355.5,17
2021-10-03 18:22:04,4355.75,22
2021-10-03 18:22:08,4355.75,5
2021-10-03 18:22:11,4355.5,3
2021-10-03 18:22:13,4355.5,3
2021-10-03 18:22:13,4355.75,2
2021-10-03 18:22:21,4355.5,13
2021-10-03 18:22:22,4355.5,1
2021-10-03 18:22:23,4355.5,6
2021-10-03 18:22:23,4355.75,1
2021-10-03 18:22:23,4355.5,1
2021-10-03 18:22:24,4355.5,1
2021-10-03 18:22:28,4355.5,6
2021-10-03 18:22:31,4355.5,6
2021-10-03 18:22:34,4355.5,2
2021-10-03 18:22:35,4355.75,8
2021-10-03 18:22:38,4356.0,16
2021-10-03 18:22:39,4356.0,10
2021-10-03 18:22:41,4356.25,2
2021-10-03 18:22:43,4356.25,12
2021-10-03 18:22:44,4356.0,10
2021-10-03 18:22:52,4355.75,5
2021-10-03 18:22:52,4356.0,1
2021-10-03 18:22:52,4355.75,5
2021-10-03 18:22:57,4356.0,1
2021-10-03 18:22:59,4356.0,2
2021-10-03 18:23:00,4356.25,12
2021-10-03 18:23:01,4356.25,20
2021-10-03 18:23:01,4356.5,22
2021-10-03 18:23:01,4356.75,4
2021-10-03 18:23:01,4357.0,1
2021-10-03 18:23:01,4356.75,1
2021-10-03 18:23:02,4357.0,1
2021-10-03 18:23:03,4357.0,13
2021-10-03 18:23:04,4357.0,1
2021-10-03 18:23:05,4357.25,28
2021-10-03 18:23:05,4357.5,3
2021-10-03 18:23:05,4357.25,1
2021-10-03 18:23:06,4357.5,3
2021-10-03 18:23:07,4357.5,13
2021-10-03 18:23:07,4357.25,1
2021-10-03 18:23:08,4357.5,1
2021-10-03 18:23:09,4357.5,1
2021-10-03 18:23:09,4357.25,3
2021-10-03 18:23:09,4357.5,2
2021-10-03 18:23:09,4357.25,3
2021-10-03 18:23:09,4357.5,1
2021-10-03 18:23:11,4357.5,1
2021-10-03 18:23:11,4357.25,31
2021-10-03 18:23:12,4357.0,8
2021-10-03 18:23:12,4357.25,1
2021-10-03 18:23:13,4357.25,8
2021-10-03 18:23:16,4357.25,3
2021-10-03 18:23:17,4357.25,7
2021-10-03 18:23:20,4357.0,2
2021-10-03 18:23:20,4357.25,1
2021-10-03 18:23:21,4357.25,5
2021-10-03 18:23:23,4357.5,26
2021-10-03 18:23:25,4357.75,16
2021-10-03 18:23:26,4357.75,1
2021-10-03 18:23:27,4357.75,1
2021-10-03 18:23:27,4357.5,28
2021-10-03 18:23:29,4357.5,2
2021-10-03 18:23:30,4357.5,1
2021-10-03 18:23:31,4357.25,1
2021-10-03 18:23:31,4357.5,2
2021-10-03 18:23:32,4357.25,8
2021-10-03 18:23:33,4357.0,9
2021-10-03 18:23:33,4356.75,17
2021-10-03 18:23:34,4357.0,8
2021-10-03 18:23:34,4356.75,18
2021-10-03 18:23:34,4357.0,1
2021-10-03 18:23:34,4356.75,1
2021-10-03 18:23:34,4357.0,1
2021-10-03 18:23:37,4356.75,7
2021-10-03 18:23:37,4357.0,3
2021-10-03 18:23:39,4357.0,12
2021-10-03 18:23:40,4357.25,9
2021-10-03 18:23:42,4357.5,14
2021-10-03 18:23:45,4357.5,7
2021-10-03 18:23:45,4357.25,8
2021-10-03 18:23:46,4357.5,4
2021-10-03 18:23:46,4357.25,3
2021-10-03 18:23:48,4357.25,1
2021-10-03 18:23:52,4357.25,1
2021-10-03 18:24:00,4357.25,2
2021-10-03 18:24:00,4357.0,10
2021-10-03 18:24:01,4357.0,2
2021-10-03 18:24:02,4356.75,5
2021-10-03 18:24:03,4357.0,1
2021-10-03 18:24:07,4357.0,1
2021-10-03 18:24:09,4357.0,1
2021-10-03 18:24:10,4356.75,12
2021-10-03 18:24:12,4356.75,1
2021-10-03 18:24:13,4356.75,1
2021-10-03 18:24:15,4356.5,4
2021-10-03 18:24:16,4356.5,8
2021-10-03 18:24:16,4356.25,4
2021-10-03 18:24:18,4356.5,10
2021-10-03 18:24:18,4356.75,2
2021-10-03 18:24:21,4356.5,1
2021-10-03 18:24:26,4356.75,1
2021-10-03 18:24:28,4356.75,6
2021-10-03 18:24:30,4356.75,5
2021-10-03 18:24:34,4356.75,1
2021-10-03 18:24:36,4357.0,18
2021-10-03 18:24:38,4357.0,2
2021-10-03 18:24:40,4356.75,1
2021-10-03 18:24:41,4357.0,1
2021-10-03 18:24:42,4357.0,4
2021-10-03 18:24:45,4357.25,33
2021-10-03 18:24:45,4357.5,4
2021-10-03 18:24:47,4357.5,1
2021-10-03 18:24:48,4357.25,1
2021-10-03 18:24:53,4357.5,1
2021-10-03 18:24:54,4357.5,10
2021-10-03 18:24:58,4357.75,13
2021-10-03 18:24:59,4357.5,6
2021-10-03 18:25:00,4357.5,1
2021-10-03 18:25:00,4357.75,2
2021-10-03 18:25:01,4357.5,8
2021-10-03 18:25:02,4357.5,4
2021-10-03 18:25:02,4357.25,15
2021-10-03 18:25:03,4357.0,3
2021-10-03 18:25:10,4357.25,6
2021-10-03 18:25:14,4357.25,1
2021-10-03 18:25:16,4357.25,2
2021-10-03 18:25:22,4357.25,8
2021-10-03 18:25:22,4357.5,1
2021-10-03 18:25:24,4357.5,2
2021-10-03 18:25:25,4357.25,17
2021-10-03 18:25:25,4357.0,3
2021-10-03 18:25:28,4357.25,7
2021-10-03 18:25:29,4357.5,1
2021-10-03 18:25:32,4357.5,8
2021-10-03 18:25:33,4357.25,1
2021-10-03 18:25:36,4357.25,37
2021-10-03 18:25:41,4357.25,1
2021-10-03 18:25:47,4357.0,7
2021-10-03 18:25:49,4357.25,1
2021-10-03 18:25:50,4357.25,1
2021-10-03 18:25:52,4357.0,1
2021-10-03 18:25:55,4357.0,4
2021-10-03 18:26:02,4357.0,2
2021-10-03 18:26:02,4357.25,1
2021-10-03 18:26:02,4357.0,14
2021-10-03 18:26:02,4356.75,6
2021-10-03 18:26:07,4356.75,1
2021-10-03 18:26:09,4356.75,12
2021-10-03 18:26:11,4356.5,1
2021-10-03 18:26:11,4356.75,7
2021-10-03 18:26:12,4356.75,2
2021-10-03 18:26:13,4356.5,22
2021-10-03 18:26:18,4356.75,2
2021-10-03 18:26:19,4356.75,1
2021-10-03 18:26:19,4357.0,16
2021-10-03 18:26:21,4357.25,9
2021-10-03 18:26:21,4357.5,1
2021-10-03 18:26:24,4357.25,7
2021-10-03 18:26:24,4357.0,1
2021-10-03 18:26:30,4357.0,1
2021-10-03 18:26:33,4357.0,2
2021-10-03 18:26:34,4357.25,1
2021-10-03 18:26:37,4357.25,2
2021-10-03 18:26:38,4357.25,4
2021-10-03 18:26:41,4357.25,2
2021-10-03 18:26:42,4357.0,1
2021-10-03 18:26:45,4357.0,7
2021-10-03 18:26:46,4357.0,1
2021-10-03 18:26:46,4356.75,4
2021-10-03 18:26:51,4357.0,7
2021-10-03 18:26:52,4357.0,1
2021-10-03 18:26:54,4356.75,1
2021-10-03 18:26:54,4357.0,2
2021-10-03 18:26:55,4357.25,2
2021-10-03 18:27:00,4357.25,11
2021-10-03 18:27:02,4357.25,3
2021-10-03 18:27:04,4357.25,6
2021-10-03 18:27:08,4357.25,1
2021-10-03 18:27:09,4357.5,22
2021-10-03 18:27:10,4357.25,45
2021-10-03 18:27:10,4357.5,7
2021-10-03 18:27:11,4357.5,1
2021-10-03 18:27:13,4357.5,1
2021-10-03 18:27:13,4357.75,3
2021-10-03 18:27:14,4357.75,18
2021-10-03 18:27:15,4358.0,8
2021-10-03 18:27:16,4357.75,3
2021-10-03 18:27:17,4357.75,1
2021-10-03 18:27:21,4357.75,7
2021-10-03 18:27:22,4357.5,2
2021-10-03 18:27:23,4357.75,2
2021-10-03 18:27:29,4357.75,1
2021-10-03 18:27:31,4357.75,4
2021-10-03 18:27:31,4358.0,1
2021-10-03 18:27:32,4358.0,2
2021-10-03 18:27:32,4357.75,15
2021-10-03 18:27:33,4357.75,2
2021-10-03 18:27:35,4358.0,23
2021-10-03 18:27:37,4358.25,30
2021-10-03 18:27:37,4358.5,2
2021-10-03 18:27:37,4358.25,5
2021-10-03 18:27:39,4358.25,1
2021-10-03 18:27:39,4358.5,5
2021-10-03 18:27:40,4358.5,1
2021-10-03 18:27:41,4358.5,54
2021-10-03 18:27:41,4358.25,1
2021-10-03 18:27:41,4358.5,3
2021-10-03 18:27:42,4358.5,6
2021-10-03 18:27:42,4358.25,1
2021-10-03 18:27:43,4358.5,1
2021-10-03 18:27:43,4358.25,2
2021-10-03 18:27:43,4358.5,1
2021-10-03 18:27:44,4358.5,10
2021-10-03 18:27:45,4358.25,1
2021-10-03 18:27:46,4358.5,1
2021-10-03 18:27:48,4358.5,1
2021-10-03 18:27:50,4358.25,1
2021-10-03 18:27:51,4358.5,9
2021-10-03 18:27:53,4358.5,20
2021-10-03 18:27:56,4358.5,1
2021-10-03 18:27:57,4358.5,4
2021-10-03 18:27:57,4358.75,7
2021-10-03 18:27:58,4358.75,39
2021-10-03 18:27:59,4358.75,4
2021-10-03 18:28:01,4358.75,7
2021-10-03 18:28:02,4358.75,1
2021-10-03 18:28:03,4359.0,2
2021-10-03 18:28:04,4359.0,68
2021-10-03 18:28:05,4359.0,1
2021-10-03 18:28:06,4358.75,29
2021-10-03 18:28:06,4359.0,4
2021-10-03 18:28:07,4359.0,14
2021-10-03 18:28:09,4359.0,1
2021-10-03 18:28:11,4359.0,2
2021-10-03 18:28:12,4358.75,9
2021-10-03 18:28:13,4358.75,2
2021-10-03 18:28:14,4359.0,1
2021-10-03 18:28:15,4358.75,15
2021-10-03 18:28:16,4359.0,1
2021-10-03 18:28:16,4358.5,3
2021-10-03 18:28:18,4358.75,3
2021-10-03 18:28:19,4358.75,1
2021-10-03 18:28:19,4358.5,1
2021-10-03 18:28:20,4358.5,2
2021-10-03 18:28:21,4358.75,2
2021-10-03 18:28:27,4358.5,1
2021-10-03 18:28:28,4358.5,5
2021-10-03 18:28:29,4358.75,2
2021-10-03 18:28:30,4358.5,1
2021-10-03 18:28:32,4358.5,5
2021-10-03 18:28:32,4358.75,1
2021-10-03 18:28:33,4358.75,1
2021-10-03 18:28:37,4358.5,13
2021-10-03 18:28:38,4358.75,1
2021-10-03 18:28:40,4358.5,1
2021-10-03 18:28:44,4358.75,1
2021-10-03 18:28:51,4358.75,1
2021-10-03 18:28:54,4358.5,2
2021-10-03 18:28:55,4358.75,1
2021-10-03 18:29:03,4358.5,1
2021-10-03 18:29:05,4358.75,1
2021-10-03 18:29:12,4358.5,8
2021-10-03 18:29:12,4358.75,1
2021-10-03 18:29:13,4358.75,36
2021-10-03 18:29:13,4359.0,6
2021-10-03 18:29:17,4359.0,1
2021-10-03 18:29:19,4359.0,100
2021-10-03 18:29:19,4359.25,26
2021-10-03 18:29:19,4359.5,15
2021-10-03 18:29:19,4359.25,2
2021-10-03 18:29:19,4359.5,32
2021-10-03 18:29:19,4359.25,17
2021-10-03 18:29:19,4359.0,3
2021-10-03 18:29:19,4359.25,5
2021-10-03 18:29:19,4359.5,10
2021-10-03 18:29:19,4359.75,39
2021-10-03 18:29:19,4359.5,1
2021-10-03 18:29:19,4359.75,9
2021-10-03 18:29:19,4360.0,28
2021-10-03 18:29:19,4359.75,9
2021-10-03 18:29:19,4360.0,1
2021-10-03 18:29:19,4359.75,6
2021-10-03 18:29:19,4360.0,1
2021-10-03 18:29:19,4359.75,1
2021-10-03 18:29:19,4360.0,4
2021-10-03 18:29:20,4360.0,28
2021-10-03 18:29:20,4360.25,31
2021-10-03 18:29:20,4360.5,29
2021-10-03 18:29:21,4360.75,5
2021-10-03 18:29:21,4360.5,10
2021-10-03 18:29:21,4360.75,4
2021-10-03 18:29:22,4360.75,1
2021-10-03 18:29:22,4360.5,1
2021-10-03 18:29:23,4360.75,2
2021-10-03 18:29:24,4360.75,1
2021-10-03 18:29:24,4360.5,1
2021-10-03 18:29:25,4360.75,2
2021-10-03 18:29:25,4360.5,34
2021-10-03 18:29:26,4360.75,1
2021-10-03 18:29:26,4360.5,1
2021-10-03 18:29:27,4360.75,1
2021-10-03 18:29:27,4360.5,8
2021-10-03 18:29:28,4360.25,1
2021-10-03 18:29:29,4360.5,2
2021-10-03 18:29:29,4360.25,1
2021-10-03 18:29:30,4360.5,4
2021-10-03 18:29:31,4360.5,1
2021-10-03 18:29:31,4360.25,9
2021-10-03 18:29:32,4360.0,3
2021-10-03 18:29:32,4360.25,1
2021-10-03 18:29:33,4360.25,8
2021-10-03 18:29:37,4360.0,15
2021-10-03 18:29:38,4360.0,1
2021-10-03 18:29:40,4360.0,1
2021-10-03 18:29:41,4360.0,2
2021-10-03 18:29:42,4360.0,6
2021-10-03 18:29:44,4360.25,2
2021-10-03 18:29:45,4360.0,9
2021-10-03 18:29:45,4360.25,12
2021-10-03 18:29:45,4360.5,24
2021-10-03 18:29:45,4360.75,4
2021-10-03 18:29:46,4360.5,2
2021-10-03 18:29:46,4360.75,14
2021-10-03 18:29:46,4360.5,5
2021-10-03 18:29:47,4360.5,21
2021-10-03 18:29:48,4360.5,2
2021-10-03 18:29:48,4360.75,2
2021-10-03 18:29:48,4360.5,1
2021-10-03 18:29:49,4360.5,13
2021-10-03 18:29:49,4360.25,3
2021-10-03 18:29:49,4360.5,9
2021-10-03 18:29:51,4360.5,5
2021-10-03 18:29:56,4360.25,18
2021-10-03 18:29:57,4360.5,1
2021-10-03 18:29:57,4360.25,1
2021-10-03 18:29:58,4360.25,2
2021-10-03 18:29:59,4360.5,1
2021-10-03 18:30:00,4360.5,2
2021-10-03 18:30:00,4360.25,6
2021-10-03 18:30:01,4360.25,2
2021-10-03 18:30:01,4360.0,4
2021-10-03 18:30:02,4360.25,8
2021-10-03 18:30:02,4360.5,7
2021-10-03 18:30:03,4360.5,1
2021-10-03 18:30:03,4360.75,2
2021-10-03 18:30:04,4360.5,1
2021-10-03 18:30:05,4360.5,2
2021-10-03 18:30:08,4360.75,1
2021-10-03 18:30:08,4360.5,7
2021-10-03 18:30:09,4360.5,4
2021-10-03 18:30:13,4360.5,7
2021-10-03 18:30:14,4360.75,39
2021-10-03 18:30:15,4360.5,2
2021-10-03 18:30:19,4360.5,12
2021-10-03 18:30:20,4360.25,19
2021-10-03 18:30:23,4360.25,1
2021-10-03 18:30:24,4360.25,1
2021-10-03 18:30:25,4360.0,1
2021-10-03 18:30:27,4360.25,1
2021-10-03 18:30:29,4360.25,2
2021-10-03 18:30:31,4360.25,1
2021-10-03 18:30:32,4360.25,10
2021-10-03 18:30:33,4360.25,1
2021-10-03 18:30:33,4360.5,1
2021-10-03 18:30:33,4360.25,13
2021-10-03 18:30:34,4360.25,4
2021-10-03 18:30:35,4360.0,17
2021-10-03 18:30:36,4360.0,1
2021-10-03 18:30:36,4359.75,21
2021-10-03 18:30:37,4359.75,1
2021-10-03 18:30:37,4360.0,16
2021-10-03 18:30:37,4359.75,3
2021-10-03 18:30:38,4359.75,5
2021-10-03 18:30:38,4360.0,3
2021-10-03 18:30:41,4359.75,1
2021-10-03 18:30:42,4359.75,5
2021-10-03 18:30:44,4359.75,9
2021-10-03 18:30:44,4359.5,12
2021-10-03 18:30:44,4359.75,1
2021-10-03 18:30:45,4359.5,14
2021-10-03 18:30:49,4359.75,1
2021-10-03 18:30:50,4359.5,24
2021-10-03 18:30:52,4359.75,1
2021-10-03 18:30:53,4359.25,8
2021-10-03 18:30:53,4359.5,9
2021-10-03 18:30:54,4359.5,1
2021-10-03 18:30:54,4359.75,1
2021-10-03 18:30:54,4359.5,2
2021-10-03 18:30:54,4359.75,1
2021-10-03 18:30:54,4359.5,1
2021-10-03 18:30:55,4359.75,10
2021-10-03 18:30:56,4359.75,1
2021-10-03 18:30:56,4360.0,29
2021-10-03 18:30:56,4360.25,7
2021-10-03 18:30:56,4360.5,20
2021-10-03 18:30:57,4360.5,2
2021-10-03 18:30:58,4360.5,7
2021-10-03 18:30:59,4360.75,3
2021-10-03 18:30:59,4360.5,5
2021-10-03 18:30:59,4360.25,1
2021-10-03 18:31:00,4360.5,2
2021-10-03 18:31:00,4360.75,2
2021-10-03 18:31:00,4360.5,8
2021-10-03 18:31:00,4360.25,15
2021-10-03 18:31:02,4360.0,1
2021-10-03 18:31:05,4360.0,6
2021-10-03 18:31:06,4360.0,2
2021-10-03 18:31:08,4359.75,5
2021-10-03 18:31:10,4359.75,10
2021-10-03 18:31:12,4359.75,5
2021-10-03 18:31:14,4359.75,2
2021-10-03 18:31:15,4359.75,7
2021-10-03 18:31:16,4359.75,1
2021-10-03 18:31:16,4360.0,1
2021-10-03 18:31:16,4359.75,1
2021-10-03 18:31:16,4359.5,2
2021-10-03 18:31:17,4359.75,1
2021-10-03 18:31:20,4359.75,2
2021-10-03 18:31:23,4359.75,2
2021-10-03 18:31:24,4359.75,2
2021-10-03 18:31:28,4359.75,11
2021-10-03 18:31:31,4360.0,1
2021-10-03 18:31:32,4359.75,2
2021-10-03 18:31:32,4360.0,1
2021-10-03 18:31:34,4359.75,4
2021-10-03 18:31:37,4359.75,9
2021-10-03 18:31:39,4359.75,1
2021-10-03 18:31:40,4359.75,1
2021-10-03 18:31:40,4359.5,1
2021-10-03 18:31:42,4359.75,14
2021-10-03 18:31:46,4359.75,2
2021-10-03 18:31:47,4359.75,9
2021-10-03 18:31:48,4359.5,5
2021-10-03 18:31:49,4359.5,1
2021-10-03 18:31:49,4359.25,4
2021-10-03 18:31:49,4359.5,1
2021-10-03 18:31:51,4359.5,4
2021-10-03 18:31:52,4359.75,3
2021-10-03 18:31:59,4359.75,1
2021-10-03 18:32:02,4360.0,2
2021-10-03 18:32:06,4359.75,16
2021-10-03 18:32:08,4360.0,1
2021-10-03 18:32:10,4359.75,14
2021-10-03 18:32:11,4359.75,1
2021-10-03 18:32:11,4360.0,35
2021-10-03 18:32:11,4360.25,14
2021-10-03 18:32:11,4360.0,6
2021-10-03 18:32:12,4360.0,1
2021-10-03 18:32:12,4359.75,10
2021-10-03 18:32:12,4359.5,8
2021-10-03 18:32:12,4359.25,1
2021-10-03 18:32:12,4359.5,10
2021-10-03 18:32:13,4359.5,20
2021-10-03 18:32:13,4359.75,11
2021-10-03 18:32:15,4360.0,8
2021-10-03 18:32:16,4360.25,1
2021-10-03 18:32:17,4360.0,1
2021-10-03 18:32:18,4360.0,19
2021-10-03 18:32:19,4360.25,6
2021-10-03 18:32:23,4360.25,5
2021-10-03 18:32:24,4360.25,12
2021-10-03 18:32:26,4360.0,8
2021-10-03 18:32:26,4359.75,5
2021-10-03 18:32:29,4360.0,13
2021-10-03 18:32:31,4360.25,25
2021-10-03 18:32:31,4360.0,6
2021-10-03 18:32:32,4359.75,23
2021-10-03 18:32:32,4359.5,7
2021-10-03 18:32:38,4359.5,9
2021-10-03 18:32:39,4359.5,2
2021-10-03 18:32:40,4359.25,13
2021-10-03 18:32:44,4359.0,3
2021-10-03 18:32:46,4359.0,51
2021-10-03 18:32:46,4359.25,15
2021-10-03 18:32:47,4359.25,13
2021-10-03 18:32:47,4359.0,29
2021-10-03 18:32:48,4359.0,1
2021-10-03 18:32:50,4359.25,1
2021-10-03 18:32:50,4359.0,1
2021-10-03 18:32:55,4359.0,38
2021-10-03 18:32:57,4359.0,61
2021-10-03 18:32:59,4359.25,1
2021-10-03 18:33:00,4359.25,18
2021-10-03 18:33:02,4359.0,6
2021-10-03 18:33:04,4359.0,1
2021-10-03 18:33:05,4359.0,24
2021-10-03 18:33:06,4359.0,5
2021-10-03 18:33:07,4359.0,14
2021-10-03 18:33:08,4359.0,26
2021-10-03 18:33:09,4359.0,11
2021-10-03 18:33:10,4359.0,8
2021-10-03 18:33:12,4359.0,2
2021-10-03 18:33:16,4359.0,1
2021-10-03 18:33:17,4359.0,1
2021-10-03 18:33:21,4359.0,1
2021-10-03 18:33:21,4359.25,24
2021-10-03 18:33:24,4359.25,2
2021-10-03 18:33:24,4359.5,16
2021-10-03 18:33:28,4359.5,1
2021-10-03 18:33:29,4359.75,16
2021-10-03 18:33:29,4359.5,7
2021-10-03 18:33:31,4359.5,7
2021-10-03 18:33:32,4359.5,2
2021-10-03 18:33:35,4359.25,2
2021-10-03 18:33:37,4359.25,2
2021-10-03 18:33:44,4359.5,12
2021-10-03 18:33:46,4359.5,1
2021-10-03 18:33:51,4359.75,26
2021-10-03 18:33:53,4359.75,37
2021-10-03 18:33:54,4359.75,1
2021-10-03 18:33:56,4359.75,10
2021-10-03 18:33:57,4359.5,7
2021-10-03 18:33:58,4359.5,7
2021-10-03 18:34:00,4359.5,1
2021-10-03 18:34:00,4359.25,2
2021-10-03 18:34:01,4359.25,9
2021-10-03 18:34:02,4359.25,2
2021-10-03 18:34:02,4359.5,1
2021-10-03 18:34:06,4359.5,1
2021-10-03 18:34:08,4359.25,3
2021-10-03 18:34:15,4359.5,1
2021-10-03 18:34:16,4359.25,2
2021-10-03 18:34:20,4359.25,41
2021-10-03 18:34:20,4359.0,1
2021-10-03 18:34:23,4359.25,8
2021-10-03 18:34:25,4359.25,2
2021-10-03 18:34:25,4359.0,14
2021-10-03 18:34:28,4359.0,2
2021-10-03 18:34:29,4359.0,3
2021-10-03 18:34:30,4359.0,1
2021-10-03 18:34:31,4359.0,1
2021-10-03 18:34:32,4359.0,17
2021-10-03 18:34:34,4359.0,2
2021-10-03 18:34:36,4359.0,1
2021-10-03 18:34:41,4359.25,16
2021-10-03 18:34:46,4359.25,2
2021-10-03 18:34:47,4359.5,2
2021-10-03 18:34:48,4359.5,1
2021-10-03 18:34:50,4359.5,1
2021-10-03 18:34:55,4359.25,1
2021-10-03 18:35:01,4359.25,1
2021-10-03 18:35:02,4359.25,9
2021-10-03 18:35:02,4359.0,27
2021-10-03 18:35:03,4359.25,3
2021-10-03 18:35:04,4359.25,28
2021-10-03 18:35:06,4359.5,4
2021-10-03 18:35:10,4359.25,1
2021-10-03 18:35:12,4359.5,7
2021-10-03 18:35:13,4359.25,1
2021-10-03 18:35:16,4359.25,2
2021-10-03 18:35:17,4359.25,4
2021-10-03 18:35:28,4359.25,1
2021-10-03 18:35:31,4359.0,2
2021-10-03 18:35:36,4359.0,1
2021-10-03 18:35:39,4359.25,2
2021-10-03 18:35:39,4359.0,1
2021-10-03 18:35:40,4359.0,10
2021-10-03 18:35:43,4359.25,4
2021-10-03 18:35:44,4359.0,1
2021-10-03 18:35:46,4359.0,1
2021-10-03 18:35:58,4359.0,25
2021-10-03 18:36:01,4359.25,1
2021-10-03 18:36:01,4359.0,2
2021-10-03 18:36:02,4359.25,1
2021-10-03 18:36:03,4359.25,11
2021-10-03 18:36:05,4359.25,1
2021-10-03 18:36:06,4359.25,1
2021-10-03 18:36:09,4359.25,3
2021-10-03 18:36:10,4359.25,1
2021-10-03 18:36:11,4359.25,1
2021-10-03 18:36:16,4359.25,1
2021-10-03 18:36:18,4359.25,1
2021-10-03 18:36:19,4359.5,5
2021-10-03 18:36:20,4359.25,1
2021-10-03 18:36:21,4359.5,1
2021-10-03 18:36:21,4359.25,6
2021-10-03 18:36:24,4359.25,8
2021-10-03 18:36:25,4359.25,1
2021-10-03 18:36:26,4359.25,1
2021-10-03 18:36:28,4359.25,1
2021-10-03 18:36:29,4359.25,1
2021-10-03 18:36:31,4359.0,2
2021-10-03 18:36:35,4359.0,1
2021-10-03 18:36:43,4359.0,6
2021-10-03 18:36:52,4359.0,11
2021-10-03 18:36:54,4359.0,2
2021-10-03 18:36:56,4359.25,1
2021-10-03 18:37:01,4359.0,1
2021-10-03 18:37:04,4359.0,2
2021-10-03 18:37:06,4359.0,1
2021-10-03 18:37:11,4359.0,2
2021-10-03 18:37:13,4359.0,11
2021-10-03 18:37:14,4359.25,1
2021-10-03 18:37:16,4359.0,3
2021-10-03 18:37:28,4359.0,39
2021-10-03 18:37:31,4359.0,1
2021-10-03 18:37:34,4359.25,1
2021-10-03 18:37:42,4359.0,1
2021-10-03 18:37:46,4359.0,1
2021-10-03 18:37:47,4359.25,1
2021-10-03 18:37:49,4359.0,3
2021-10-03 18:37:59,4359.25,44
2021-10-03 18:38:05,4359.25,10
2021-10-03 18:38:07,4359.25,1
2021-10-03 18:38:17,4359.25,5
2021-10-03 18:38:36,4359.25,14
2021-10-03 18:38:45,4359.5,7
2021-10-03 18:38:46,4359.25,1
2021-10-03 18:38:46,4359.5,1
2021-10-03 18:38:48,4359.5,1
2021-10-03 18:38:55,4359.25,1
2021-10-03 18:39:00,4359.25,1
2021-10-03 18:39:02,4359.25,2
2021-10-03 18:39:19,4359.5,23
2021-10-03 18:39:21,4359.75,49
2021-10-03 18:39:25,4359.75,23
2021-10-03 18:39:26,4359.75,9
2021-10-03 18:39:28,4359.75,7
2021-10-03 18:39:29,4359.75,13
2021-10-03 18:39:36,4359.5,2
2021-10-03 18:39:37,4359.75,1
2021-10-03 18:39:46,4359.75,1
2021-10-03 18:39:46,4359.5,25
2021-10-03 18:39:46,4359.25,24
2021-10-03 18:39:46,4359.0,2
2021-10-03 18:39:46,4359.25,25
2021-10-03 18:39:46,4359.5,1
2021-10-03 18:39:46,4359.25,12
2021-10-03 18:39:52,4359.25,12
2021-10-03 18:39:56,4359.25,2
2021-10-03 18:39:58,4359.25,12
2021-10-03 18:39:59,4359.25,1
2021-10-03 18:40:01,4359.0,2
2021-10-03 18:40:02,4359.25,3
2021-10-03 18:40:03,4359.25,1
2021-10-03 18:40:06,4359.0,1
2021-10-03 18:40:09,4359.0,1
2021-10-03 18:40:09,4359.25,1
2021-10-03 18:40:10,4359.25,1
2021-10-03 18:40:12,4359.25,9
2021-10-03 18:40:27,4359.0,1
2021-10-03 18:40:31,4359.0,74
2021-10-03 18:40:31,4359.25,1
2021-10-03 18:40:33,4359.25,28
2021-10-03 18:40:34,4359.5,1
2021-10-03 18:40:35,4359.5,7
2021-10-03 18:40:50,4359.5,1
2021-10-03 18:40:54,4359.5,14
2021-10-03 18:40:55,4359.25,13
2021-10-03 18:41:00,4359.0,51
2021-10-03 18:41:00,4358.75,11
2021-10-03 18:41:00,4358.5,52
2021-10-03 18:41:01,4358.5,10
2021-10-03 18:41:02,4358.75,39
2021-10-03 18:41:08,4358.5,40
2021-10-03 18:41:08,4358.25,17
2021-10-03 18:41:08,4358.0,18
2021-10-03 18:41:09,4357.75,4
2021-10-03 18:41:09,4358.0,1
2021-10-03 18:41:09,4357.75,26
2021-10-03 18:41:10,4357.5,16
2021-10-03 18:41:10,4357.25,4
2021-10-03 18:41:11,4357.25,28
2021-10-03 18:41:11,4357.0,5
2021-10-03 18:41:12,4357.0,1
2021-10-03 18:41:12,4357.25,5
2021-10-03 18:41:14,4357.25,12
2021-10-03 18:41:14,4357.0,10
2021-10-03 18:41:14,4357.25,11
2021-10-03 18:41:16,4357.25,17
2021-10-03 18:41:17,4357.25,1
2021-10-03 18:41:17,4357.5,2
2021-10-03 18:41:17,4357.25,1
2021-10-03 18:41:18,4357.5,15
2021-10-03 18:41:18,4357.25,2
2021-10-03 18:41:19,4357.25,14
2021-10-03 18:41:20,4357.25,1
2021-10-03 18:41:21,4357.5,12
2021-10-03 18:41:22,4357.75,1
2021-10-03 18:41:23,4357.75,1
2021-10-03 18:41:24,4357.75,8
2021-10-03 18:41:25,4357.75,2
2021-10-03 18:41:26,4357.5,8
2021-10-03 18:41:27,4357.5,2
2021-10-03 18:41:29,4357.5,4
2021-10-03 18:41:31,4357.25,8
2021-10-03 18:41:32,4357.25,5
2021-10-03 18:41:34,4357.5,10
2021-10-03 18:41:34,4357.25,1
2021-10-03 18:41:35,4357.25,1
2021-10-03 18:41:36,4357.25,1
2021-10-03 18:41:37,4357.5,12
2021-10-03 18:41:39,4357.5,1
2021-10-03 18:41:41,4357.75,6
2021-10-03 18:41:44,4357.75,7
2021-10-03 18:41:44,4358.0,3
2021-10-03 18:41:44,4357.75,8
2021-10-03 18:41:45,4357.75,1
2021-10-03 18:41:46,4357.75,1
2021-10-03 18:41:47,4357.75,1
2021-10-03 18:41:54,4357.75,5
2021-10-03 18:41:55,4357.75,11
2021-10-03 18:41:55,4358.0,36
2021-10-03 18:41:57,4358.0,1
2021-10-03 18:42:02,4358.0,4
2021-10-03 18:42:04,4358.25,8
2021-10-03 18:42:05,4358.25,8
2021-10-03 18:42:05,4358.0,32
2021-10-03 18:42:05,4357.75,15
2021-10-03 18:42:06,4357.75,6
2021-10-03 18:42:14,4357.75,1
2021-10-03 18:42:18,4358.0,3
2021-10-03 18:42:20,4358.0,1
2021-10-03 18:42:35,4357.75,1
2021-10-03 18:42:51,4358.0,43
2021-10-03 18:42:54,4358.0,5
2021-10-03 18:43:01,4358.0,4
2021-10-03 18:43:08,4358.0,1
2021-10-03 18:43:16,4357.75,31
2021-10-03 18:43:21,4357.5,1
2021-10-03 18:43:26,4357.5,1
2021-10-03 18:43:31,4357.5,8
2021-10-03 18:43:36,4357.5,1
2021-10-03 18:43:37,4357.5,1
2021-10-03 18:43:39,4357.5,1
2021-10-03 18:43:47,4357.75,12
2021-10-03 18:43:53,4357.75,3
2021-10-03 18:43:54,4358.0,21
2021-10-03 18:43:58,4358.25,2
2021-10-03 18:43:59,4358.5,9
2021-10-03 18:43:59,4358.25,1
2021-10-03 18:43:59,4358.5,1
2021-10-03 18:44:00,4358.25,1
2021-10-03 18:44:09,4358.5,1
2021-10-03 18:44:10,4358.5,1
2021-10-03 18:44:12,4358.5,4
2021-10-03 18:44:12,4358.25,17
2021-10-03 18:44:12,4358.0,4
2021-10-03 18:44:12,4358.5,4
2021-10-03 18:44:12,4358.25,17
2021-10-03 18:44:12,4358.0,4
2021-10-03 18:44:15,4358.0,12
2021-10-03 18:44:22,4358.0,3
2021-10-03 18:44:25,4358.0,9
2021-10-03 18:44:30,4358.0,1
2021-10-03 18:44:32,4357.75,1
2021-10-03 18:44:33,4358.0,1
2021-10-03 18:44:35,4358.0,1
2021-10-03 18:44:41,4358.0,13
2021-10-03 18:44:45,4358.0,1
2021-10-03 18:44:48,4358.25,3
2021-10-03 18:44:50,4358.25,6
2021-10-03 18:44:54,4358.5,1
2021-10-03 18:44:56,4358.5,1
2021-10-03 18:44:57,4358.5,3
2021-10-03 18:44:58,4358.5,1
2021-10-03 18:45:00,4358.5,2
2021-10-03 18:45:01,4358.5,3
2021-10-03 18:45:03,4358.75,18
2021-10-03 18:45:04,4358.75,19
2021-10-03 18:45:04,4358.5,2
2021-10-03 18:45:06,4358.5,1
2021-10-03 18:45:08,4358.25,2
2021-10-03 18:45:09,4358.5,12
2021-10-03 18:45:10,4358.25,5
2021-10-03 18:45:14,4358.0,1
2021-10-03 18:45:15,4358.25,2
2021-10-03 18:45:16,4358.25,8
2021-10-03 18:45:18,4358.25,6
2021-10-03 18:45:20,4358.25,4
2021-10-03 18:45:24,4358.5,7
2021-10-03 18:45:33,4358.5,1
2021-10-03 18:45:35,4358.25,13
2021-10-03 18:45:36,4358.0,1
2021-10-03 18:45:37,4358.25,1
2021-10-03 18:45:48,4358.25,12
2021-10-03 18:45:49,4358.25,3
2021-10-03 18:45:50,4358.25,1
2021-10-03 18:45:55,4358.25,5
2021-10-03 18:46:01,4358.5,5
2021-10-03 18:46:02,4358.5,5
2021-10-03 18:46:05,4358.5,2
2021-10-03 18:46:07,4358.25,1
2021-10-03 18:46:11,4358.25,1
2021-10-03 18:46:19,4358.5,2
2021-10-03 18:46:19,4358.25,1
2021-10-03 18:46:21,4358.25,8
2021-10-03 18:46:21,4358.5,1
2021-10-03 18:46:33,4358.25,10
2021-10-03 18:46:35,4358.0,6
2021-10-03 18:46:36,4358.0,6
2021-10-03 18:46:41,4357.75,7
2021-10-03 18:46:42,4357.75,1
2021-10-03 18:46:43,4358.0,6
2021-10-03 18:46:44,4358.0,1
2021-10-03 18:46:49,4358.0,1
2021-10-03 18:46:50,4358.25,15
2021-10-03 18:47:01,4358.25,5
2021-10-03 18:47:05,4358.25,11
2021-10-03 18:47:07,4358.0,1
2021-10-03 18:47:08,4358.0,1
2021-10-03 18:47:14,4358.25,10
2021-10-03 18:47:15,4358.0,7
2021-10-03 18:47:17,4357.75,3
2021-10-03 18:47:20,4357.75,1
2021-10-03 18:47:21,4357.75,1
2021-10-03 18:47:23,4357.75,1
2021-10-03 18:47:27,4357.75,1
2021-10-03 18:47:30,4358.0,7
2021-10-03 18:47:32,4357.75,22
2021-10-03 18:47:35,4357.75,14
2021-10-03 18:47:36,4357.5,1
2021-10-03 18:47:36,4357.75,11
2021-10-03 18:47:38,4357.75,6
2021-10-03 18:47:39,4357.5,2
2021-10-03 18:47:39,4357.75,12
2021-10-03 18:47:43,4358.0,4
2021-10-03 18:47:45,4358.0,1
2021-10-03 18:47:45,4358.25,5
2021-10-03 18:47:50,4358.5,5
2021-10-03 18:47:53,4358.5,7
2021-10-03 18:47:54,4358.5,1
2021-10-03 18:47:55,4358.5,2
2021-10-03 18:48:01,4358.25,7
2021-10-03 18:48:06,4358.25,5
2021-10-03 18:48:07,4358.0,1
2021-10-03 18:48:08,4357.75,1
2021-10-03 18:48:08,4358.0,9
2021-10-03 18:48:08,4357.75,1
2021-10-03 18:48:16,4357.75,6
2021-10-03 18:48:23,4357.5,7
2021-10-03 18:48:26,4357.75,11
2021-10-03 18:48:27,4357.75,2
2021-10-03 18:48:33,4357.5,1
2021-10-03 18:48:39,4357.5,1
2021-10-03 18:48:42,4357.5,1
2021-10-03 18:48:43,4357.75,11
2021-10-03 18:48:55,4357.75,10
2021-10-03 18:49:00,4357.5,1
2021-10-03 18:49:02,4357.75,1
2021-10-03 18:49:03,4357.75,4
2021-10-03 18:49:03,4358.0,2
2021-10-03 18:49:03,4357.75,1
2021-10-03 18:49:04,4357.75,6
2021-10-03 18:49:12,4357.75,1
2021-10-03 18:49:15,4357.75,1
2021-10-03 18:49:15,4358.0,1
2021-10-03 18:49:26,4358.0,9
2021-10-03 18:49:32,4358.25,6
2021-10-03 18:49:32,4358.5,2
2021-10-03 18:49:36,4358.5,1
2021-10-03 18:49:37,4358.25,1
2021-10-03 18:49:39,4358.5,4
2021-10-03 18:49:41,4358.5,1
2021-10-03 18:49:42,4358.5,10
2021-10-03 18:49:43,4358.5,1
2021-10-03 18:49:46,4358.75,6
2021-10-03 18:49:46,4358.5,1
2021-10-03 18:49:53,4358.5,14
2021-10-03 18:49:57,4358.25,1
2021-10-03 18:49:57,4358.0,2
2021-10-03 18:50:00,4358.0,2
2021-10-03 18:50:00,4357.75,1
2021-10-03 18:50:00,4357.5,1
2021-10-03 18:50:01,4357.75,12
2021-10-03 18:50:02,4357.75,4
2021-10-03 18:50:03,4357.75,4
2021-10-03 18:50:06,4357.75,3
2021-10-03 18:50:07,4358.0,3
2021-10-03 18:50:10,4357.75,13
2021-10-03 18:50:12,4357.75,1
2021-10-03 18:50:12,4358.0,8
2021-10-03 18:50:15,4358.0,1
2021-10-03 18:50:16,4358.0,2
2021-10-03 18:50:17,4358.25,4
2021-10-03 18:50:17,4358.5,2
2021-10-03 18:50:18,4358.5,2
2021-10-03 18:50:21,4358.5,12
2021-10-03 18:50:22,4358.5,8
2021-10-03 18:50:23,4358.5,1
2021-10-03 18:50:23,4358.25,8
2021-10-03 18:50:24,4358.5,1
2021-10-03 18:50:30,4358.5,2
2021-10-03 18:50:31,4358.5,3
2021-10-03 18:50:31,4358.75,4
2021-10-03 18:50:31,4359.0,3
2021-10-03 18:50:31,4359.25,1
2021-10-03 18:50:31,4359.0,1
2021-10-03 18:50:32,4359.0,24
2021-10-03 18:50:32,4358.75,2
2021-10-03 18:50:33,4358.75,1
2021-10-03 18:50:35,4359.0,6
2021-10-03 18:50:36,4359.0,12
2021-10-03 18:50:39,4359.0,1
2021-10-03 18:50:41,4359.25,11
2021-10-03 18:50:42,4359.25,6
2021-10-03 18:50:44,4359.5,1
2021-10-03 18:50:45,4359.5,5
2021-10-03 18:50:47,4359.5,10
2021-10-03 18:50:48,4359.5,7
2021-10-03 18:50:49,4359.5,5
2021-10-03 18:50:51,4359.25,26
2021-10-03 18:50:53,4359.25,1
2021-10-03 18:50:54,4359.0,2
2021-10-03 18:50:55,4359.0,15
2021-10-03 18:50:57,4358.75,10
2021-10-03 18:50:59,4358.5,2
2021-10-03 18:50:59,4358.25,1
2021-10-03 18:51:01,4358.5,10
2021-10-03 18:51:03,4358.5,3
2021-10-03 18:51:06,4358.5,3
2021-10-03 18:51:07,4358.75,6
2021-10-03 18:51:09,4358.75,3
2021-10-03 18:51:12,4359.0,1
2021-10-03 18:51:16,4359.0,14
2021-10-03 18:51:19,4359.0,1
2021-10-03 18:51:19,4359.25,1
2021-10-03 18:51:20,4359.25,1
2021-10-03 18:51:21,4359.25,1
2021-10-03 18:51:23,4359.0,1
2021-10-03 18:51:24,4359.0,19
2021-10-03 18:51:25,4359.0,16
2021-10-03 18:51:25,4358.75,16
2021-10-03 18:51:31,4358.75,29
2021-10-03 18:51:32,4358.75,2
2021-10-03 18:51:33,4358.75,9
2021-10-03 18:51:44,4359.0,1
2021-10-03 18:51:52,4359.0,2
2021-10-03 18:51:56,4359.0,11
2021-10-03 18:51:56,4359.25,11
2021-10-03 18:51:56,4359.5,2
2021-10-03 18:52:01,4359.5,4
2021-10-03 18:52:01,4359.25,6
2021-10-03 18:52:02,4359.25,1
2021-10-03 18:52:05,4359.5,11
2021-10-03 18:52:07,4359.75,13
2021-10-03 18:52:08,4359.75,1
2021-10-03 18:52:10,4359.75,1
2021-10-03 18:52:11,4359.75,2
2021-10-03 18:52:13,4359.75,19
2021-10-03 18:52:14,4359.75,1
2021-10-03 18:52:14,4360.0,11
2021-10-03 18:52:15,4360.0,5
2021-10-03 18:52:16,4359.75,1
2021-10-03 18:52:16,4360.0,32
2021-10-03 18:52:16,4360.25,7
2021-10-03 18:52:16,4360.0,1
2021-10-03 18:52:17,4360.25,1
2021-10-03 18:52:18,4360.0,17
2021-10-03 18:52:19,4360.0,2
2021-10-03 18:52:20,4359.75,18
2021-10-03 18:52:20,4360.0,10
2021-10-03 18:52:21,4359.75,13
2021-10-03 18:52:21,4360.0,2
2021-10-03 18:52:22,4359.75,10
2021-10-03 18:52:24,4359.75,2
2021-10-03 18:52:24,4359.5,3
2021-10-03 18:52:25,4359.75,7
2021-10-03 18:52:25,4360.0,10
2021-10-03 18:52:26,4359.75,8
2021-10-03 18:52:28,4359.75,1
2021-10-03 18:52:29,4359.75,1
2021-10-03 18:52:30,4359.75,2
2021-10-03 18:52:31,4359.75,5
2021-10-03 18:52:32,4359.75,1
2021-10-03 18:52:39,4359.75,2
2021-10-03 18:52:40,4359.75,5
2021-10-03 18:52:42,4359.5,10
2021-10-03 18:52:46,4359.5,1
2021-10-03 18:52:52,4359.5,1
2021-10-03 18:52:56,4359.5,1
2021-10-03 18:52:58,4359.5,5
2021-10-03 18:52:59,4359.5,4
2021-10-03 18:53:00,4359.5,6
2021-10-03 18:53:00,4359.75,3
2021-10-03 18:53:01,4359.5,6
2021-10-03 18:53:03,4359.5,6
2021-10-03 18:53:03,4359.75,1
2021-10-03 18:53:05,4359.75,3
2021-10-03 18:53:07,4359.75,6
2021-10-03 18:53:12,4360.0,3
2021-10-03 18:53:20,4360.0,4
2021-10-03 18:53:21,4359.75,1
2021-10-03 18:53:21,4360.0,2
2021-10-03 18:53:22,4360.0,1
2021-10-03 18:53:24,4360.0,10
2021-10-03 18:53:26,4360.25,19
2021-10-03 18:53:26,4360.0,12
2021-10-03 18:53:27,4360.0,1
2021-10-03 18:53:28,4359.75,1
2021-10-03 18:53:29,4360.0,1
2021-10-03 18:53:31,4360.0,6
2021-10-03 18:53:31,4360.25,1
2021-10-03 18:53:32,4360.0,13
2021-10-03 18:53:40,4360.0,7
2021-10-03 18:53:41,4360.25,1
2021-10-03 18:53:41,4360.0,1
2021-10-03 18:53:42,4360.25,65
2021-10-03 18:53:44,4360.25,1
2021-10-03 18:53:46,4360.25,5
2021-10-03 18:53:47,4360.25,6
2021-10-03 18:53:48,4360.0,1
2021-10-03 18:53:49,4360.25,3
2021-10-03 18:53:51,4360.25,5
2021-10-03 18:53:52,4360.25,6
2021-10-03 18:53:53,4360.5,9
2021-10-03 18:53:54,4360.5,19
2021-10-03 18:53:55,4360.75,8
2021-10-03 18:53:56,4360.5,14
2021-10-03 18:53:58,4360.75,25
2021-10-03 18:53:58,4361.0,30
2021-10-03 18:53:58,4360.75,10
2021-10-03 18:54:00,4360.75,3
2021-10-03 18:54:00,4360.5,1
2021-10-03 18:54:01,4360.75,5
2021-10-03 18:54:02,4360.75,1
2021-10-03 18:54:05,4360.5,18
2021-10-03 18:54:06,4360.25,11
2021-10-03 18:54:10,4360.5,3
2021-10-03 18:54:14,4360.25,10
2021-10-03 18:54:15,4360.25,6
2021-10-03 18:54:16,4360.25,3
2021-10-03 18:54:16,4360.5,1
2021-10-03 18:54:16,4360.25,1
2021-10-03 18:54:18,4360.25,1
2021-10-03 18:54:19,4360.5,1
2021-10-03 18:54:20,4360.5,5
2021-10-03 18:54:22,4360.25,1
2021-10-03 18:54:23,4360.5,1
2021-10-03 18:54:25,4360.5,1
2021-10-03 18:54:28,4360.25,1
2021-10-03 18:54:31,4360.5,3
2021-10-03 18:54:33,4360.25,9
2021-10-03 18:54:36,4360.25,1
2021-10-03 18:54:37,4360.25,2
2021-10-03 18:54:37,4360.0,3
2021-10-03 18:54:39,4360.25,1
2021-10-03 18:54:40,4360.0,3
2021-10-03 18:54:40,4360.25,2
2021-10-03 18:54:40,4360.0,12
2021-10-03 18:54:41,4360.25,8
2021-10-03 18:54:41,4360.5,3
2021-10-03 18:54:42,4360.5,1
2021-10-03 18:54:46,4360.5,3
2021-10-03 18:54:47,4360.5,2
2021-10-03 18:54:49,4360.5,1
2021-10-03 18:54:51,4360.5,3
2021-10-03 18:54:53,4360.5,1
2021-10-03 18:54:59,4360.25,14
2021-10-03 18:55:00,4360.25,4
2021-10-03 18:55:01,4360.25,2
2021-10-03 18:55:04,4360.25,6
2021-10-03 18:55:05,4360.0,13
2021-10-03 18:55:08,4360.0,1
2021-10-03 18:55:10,4359.75,3
2021-10-03 18:55:10,4360.0,11
2021-10-03 18:55:11,4360.0,1
2021-10-03 18:55:13,4360.0,5
2021-10-03 18:55:16,4360.0,1
2021-10-03 18:55:18,4359.75,2
2021-10-03 18:55:19,4360.0,6
2021-10-03 18:55:25,4360.0,4
2021-10-03 18:55:25,4360.25,12
2021-10-03 18:55:29,4360.5,18
2021-10-03 18:55:31,4360.5,17
2021-10-03 18:55:31,4360.75,14
2021-10-03 18:55:32,4361.0,8
2021-10-03 18:55:32,4361.25,16
2021-10-03 18:55:32,4361.5,25
2021-10-03 18:55:32,4361.75,14
2021-10-03 18:55:32,4361.5,18
2021-10-03 18:55:32,4361.25,10
2021-10-03 18:55:32,4361.5,4
2021-10-03 18:55:32,4361.25,2
2021-10-03 18:55:32,4361.5,6
2021-10-03 18:55:32,4361.25,4
2021-10-03 18:55:32,4361.5,1
2021-10-03 18:55:32,4361.25,3
2021-10-03 18:55:32,4361.0,1
2021-10-03 18:55:32,4361.25,1
2021-10-03 18:55:33,4361.25,7
2021-10-03 18:55:34,4361.25,7
2021-10-03 18:55:34,4361.5,2
2021-10-03 18:55:35,4361.25,1
2021-10-03 18:55:36,4361.5,3
2021-10-03 18:55:36,4361.25,1
2021-10-03 18:55:38,4361.25,21
2021-10-03 18:55:40,4361.0,1
2021-10-03 18:55:40,4361.25,3
2021-10-03 18:55:41,4361.5,1
2021-10-03 18:55:43,4361.5,1
2021-10-03 18:55:43,4361.25,1
2021-10-03 18:55:46,4361.5,20
2021-10-03 18:55:47,4361.5,1
2021-10-03 18:55:48,4361.5,1
2021-10-03 18:55:51,4361.5,3
2021-10-03 18:55:52,4361.5,14
2021-10-03 18:55:54,4361.5,4
2021-10-03 18:55:55,4361.5,11
2021-10-03 18:55:55,4361.25,1
2021-10-03 18:55:56,4361.5,1
2021-10-03 18:55:57,4361.5,2
2021-10-03 18:55:58,4361.25,6
2021-10-03 18:55:59,4361.25,2
2021-10-03 18:56:01,4361.25,3
2021-10-03 18:56:03,4361.5,16
2021-10-03 18:56:04,4361.5,18
2021-10-03 18:56:05,4361.5,1
2021-10-03 18:56:06,4361.5,4
2021-10-03 18:56:09,4361.5,1
2021-10-03 18:56:11,4361.25,15
2021-10-03 18:56:12,4361.25,1
2021-10-03 18:56:12,4361.5,12
2021-10-03 18:56:13,4361.5,2
2021-10-03 18:56:14,4361.5,1
2021-10-03 18:56:19,4361.75,17
2021-10-03 18:56:20,4362.0,29
2021-10-03 18:56:21,4362.0,3
2021-10-03 18:56:22,4362.0,1
2021-10-03 18:56:23,4361.75,12
2021-10-03 18:56:23,4361.5,1
2021-10-03 18:56:24,4361.75,1
2021-10-03 18:56:27,4361.5,1
2021-10-03 18:56:27,4361.75,1
2021-10-03 18:56:27,4361.5,8
2021-10-03 18:56:29,4361.25,22
2021-10-03 18:56:30,4361.0,2
2021-10-03 18:56:31,4361.25,9
2021-10-03 18:56:32,4361.25,1
2021-10-03 18:56:32,4361.0,1
2021-10-03 18:56:33,4361.25,6
2021-10-03 18:56:35,4361.25,1
2021-10-03 18:56:37,4361.0,2
2021-10-03 18:56:37,4361.25,1
2021-10-03 18:56:41,4361.0,7
2021-10-03 18:56:41,4361.25,14
2021-10-03 18:56:43,4361.5,7
2021-10-03 18:56:45,4361.5,9
2021-10-03 18:56:51,4361.5,5
2021-10-03 18:56:53,4361.5,7
2021-10-03 18:56:54,4361.5,1
2021-10-03 18:57:00,4361.5,5
2021-10-03 18:57:00,4361.75,2
2021-10-03 18:57:01,4361.75,3
2021-10-03 18:57:01,4361.5,7
2021-10-03 18:57:05,4361.25,9
2021-10-03 18:57:07,4361.0,20
2021-10-03 18:57:08,4361.0,5
2021-10-03 18:57:08,4361.25,14
2021-10-03 18:57:11,4361.25,6
2021-10-03 18:57:13,4361.25,1
2021-10-03 18:57:17,4361.25,1
2021-10-03 18:57:19,4361.0,13
2021-10-03 18:57:20,4361.0,19
2021-10-03 18:57:21,4361.0,1
2021-10-03 18:57:22,4361.25,4
2021-10-03 18:57:22,4361.0,14
2021-10-03 18:57:24,4361.0,1
2021-10-03 18:57:26,4360.75,20
2021-10-03 18:57:27,4361.0,3
2021-10-03 18:57:32,4361.0,62
2021-10-03 18:57:34,4360.75,20
2021-10-03 18:57:39,4360.5,11
2021-10-03 18:57:39,4360.25,1
2021-10-03 18:57:40,4360.25,2
2021-10-03 18:57:41,4360.25,5
2021-10-03 18:57:42,4360.25,10
2021-10-03 18:57:44,4360.25,6
2021-10-03 18:57:47,4360.25,1
2021-10-03 18:57:48,4360.25,3
2021-10-03 18:57:49,4360.25,1
2021-10-03 18:57:51,4360.5,4
2021-10-03 18:57:54,4360.5,1
2021-10-03 18:57:56,4360.5,1
2021-10-03 18:57:57,4360.25,1
2021-10-03 18:57:58,4360.5,1
2021-10-03 18:57:58,4360.25,7
2021-10-03 18:58:00,4360.5,1
2021-10-03 18:58:00,4360.25,11
2021-10-03 18:58:02,4360.5,7
2021-10-03 18:58:02,4360.25,9
2021-10-03 18:58:03,4360.25,1
2021-10-03 18:58:04,4360.0,1
2021-10-03 18:58:05,4360.0,1
2021-10-03 18:58:11,4360.25,3
2021-10-03 18:58:13,4360.25,5
2021-10-03 18:58:14,4360.25,3
2021-10-03 18:58:18,4360.25,1
2021-10-03 18:58:21,4360.5,5
2021-10-03 18:58:22,4360.25,8
2021-10-03 18:58:26,4360.0,14
2021-10-03 18:58:26,4359.75,2
2021-10-03 18:58:26,4359.5,2
2021-10-03 18:58:26,4359.75,1
2021-10-03 18:58:27,4359.5,1
2021-10-03 18:58:27,4359.75,6
2021-10-03 18:58:29,4359.75,7
2021-10-03 18:58:31,4359.75,10
2021-10-03 18:58:35,4359.5,1
2021-10-03 18:58:36,4359.5,3
2021-10-03 18:58:37,4359.75,2
2021-10-03 18:58:38,4359.75,2
2021-10-03 18:58:38,4359.5,1
2021-10-03 18:58:40,4359.5,6
2021-10-03 18:58:41,4359.5,3
2021-10-03 18:58:47,4359.25,1
2021-10-03 18:58:48,4359.5,1
2021-10-03 18:58:50,4359.25,13
2021-10-03 18:58:51,4359.25,21
2021-10-03 18:58:51,4359.5,4
2021-10-03 18:58:57,4359.25,8
2021-10-03 18:59:00,4359.25,2
2021-10-03 18:59:01,4359.25,4
2021-10-03 18:59:03,4359.5,12
2021-10-03 18:59:03,4359.75,1
2021-10-03 18:59:03,4360.0,8
2021-10-03 18:59:03,4360.25,1
2021-10-03 18:59:04,4360.25,1
2021-10-03 18:59:04,4360.5,3
2021-10-03 18:59:05,4360.25,11
2021-10-03 18:59:09,4360.25,1
2021-10-03 18:59:12,4360.25,5
2021-10-03 18:59:13,4360.25,5
2021-10-03 18:59:15,4360.25,1
2021-10-03 18:59:15,4360.5,1
2021-10-03 18:59:16,4360.5,1
2021-10-03 18:59:17,4360.5,12
2021-10-03 18:59:19,4360.5,12
2021-10-03 18:59:19,4360.75,1
2021-10-03 18:59:21,4360.75,6
2021-10-03 18:59:22,4360.75,13
2021-10-03 18:59:22,4360.5,3
2021-10-03 18:59:22,4360.75,1
2021-10-03 18:59:23,4360.75,9
2021-10-03 18:59:27,4360.75,2
2021-10-03 18:59:28,4360.75,2
2021-10-03 18:59:29,4360.75,1
2021-10-03 18:59:31,4360.75,3
2021-10-03 18:59:34,4360.75,8
2021-10-03 18:59:36,4360.75,6
2021-10-03 18:59:37,4360.75,3
2021-10-03 18:59:38,4360.5,1
2021-10-03 18:59:40,4360.75,1
2021-10-03 18:59:41,4360.75,1
2021-10-03 18:59:41,4361.0,1
2021-10-03 18:59:41,4360.75,3
2021-10-03 18:59:43,4360.75,1
2021-10-03 18:59:44,4360.75,2
2021-10-03 18:59:45,4361.0,1
2021-10-03 18:59:46,4361.0,7
2021-10-03 18:59:47,4361.0,5
2021-10-03 18:59:49,4361.0,3
2021-10-03 18:59:51,4361.0,4
2021-10-03 18:59:52,4361.25,2
2021-10-03 18:59:53,4361.0,13
2021-10-03 18:59:54,4361.0,1
2021-10-03 18:59:55,4360.75,1
2021-10-03 18:59:56,4360.75,16
2021-10-03 18:59:57,4361.0,4
2021-10-03 18:59:59,4361.0,1
2021-10-03 18:59:59,4360.75,8
2021-10-03 19:00:00,4360.75,4
2021-10-03 19:00:00,4361.0,2
2021-10-03 19:00:01,4360.75,8
2021-10-03 19:00:01,4361.0,1
2021-10-03 19:00:01,4360.75,1
2021-10-03 19:00:01,4361.0,1
2021-10-03 19:00:02,4361.0,9
2021-10-03 19:00:02,4361.25,25
2021-10-03 19:00:02,4361.5,3
2021-10-03 19:00:03,4361.5,2
2021-10-03 19:00:03,4361.25,1
2021-10-03 19:00:04,4361.25,1
2021-10-03 19:00:05,4361.0,8
2021-10-03 19:00:07,4360.75,7
2021-10-03 19:00:08,4360.75,2
2021-10-03 19:00:08,4361.0,1
2021-10-03 19:00:11,4360.75,13
2021-10-03 19:00:12,4361.0,1
2021-10-03 19:00:15,4361.0,7
2021-10-03 19:00:17,4361.25,1
2021-10-03 19:00:18,4361.25,15
2021-10-03 19:00:18,4361.5,45
2021-10-03 19:00:18,4361.25,3
2021-10-03 19:00:18,4361.5,2
2021-10-03 19:00:19,4361.25,4
2021-10-03 19:00:20,4361.25,7
2021-10-03 19:00:22,4361.0,8
2021-10-03 19:00:24,4361.0,2
2021-10-03 19:00:26,4361.0,2
2021-10-03 19:00:31,4361.0,5
2021-10-03 19:00:33,4360.75,3
2021-10-03 19:00:34,4360.75,2
2021-10-03 19:00:35,4360.75,7
2021-10-03 19:00:36,4360.5,5
2021-10-03 19:00:36,4360.25,6
2021-10-03 19:00:37,4360.25,1
2021-10-03 19:00:38,4360.0,1
2021-10-03 19:00:43,4360.0,6
2021-10-03 19:00:44,4359.75,2
2021-10-03 19:00:47,4359.5,12
2021-10-03 19:00:48,4359.5,8
2021-10-03 19:00:49,4359.5,4
2021-10-03 19:00:51,4359.75,4
2021-10-03 19:00:52,4359.5,3
2021-10-03 19:00:54,4359.5,2
2021-10-03 19:00:58,4359.5,7
2021-10-03 19:00:59,4359.5,3
2021-10-03 19:01:01,4359.5,1
2021-10-03 19:01:02,4359.75,3
2021-10-03 19:01:02,4360.0,10
2021-10-03 19:01:03,4360.0,9
2021-10-03 19:01:11,4360.0,1
2021-10-03 19:01:12,4360.25,1
2021-10-03 19:01:14,4360.25,4
2021-10-03 19:01:14,4360.5,2
2021-10-03 19:01:20,4360.25,8
2021-10-03 19:01:28,4360.25,2
2021-10-03 19:01:31,4360.25,4
2021-10-03 19:01:32,4360.25,1
2021-10-03 19:01:36,4360.0,1
2021-10-03 19:01:37,4359.75,15
2021-10-03 19:01:38,4359.75,4
2021-10-03 19:01:42,4360.0,7
2021-10-03 19:01:48,4360.25,4
2021-10-03 19:01:51,4360.25,4
2021-10-03 19:01:58,4360.0,6
2021-10-03 19:02:00,4359.75,10
2021-10-03 19:02:00,4359.5,2
2021-10-03 19:02:02,4359.75,7
2021-10-03 19:02:06,4360.0,9
2021-10-03 19:02:06,4360.25,5
2021-10-03 19:02:09,4360.0,2
2021-10-03 19:02:13,4360.0,3
2021-10-03 19:02:16,4360.0,1
2021-10-03 19:02:17,4360.0,2
2021-10-03 19:02:18,4360.25,10
2021-10-03 19:02:21,4360.25,1
2021-10-03 19:02:23,4360.0,1
2021-10-03 19:02:27,4360.0,2
2021-10-03 19:02:28,4359.75,1
2021-10-03 19:02:35,4359.75,5
2021-10-03 19:02:36,4359.75,1
2021-10-03 19:02:37,4359.75,5
2021-10-03 19:02:41,4360.0,8
2021-10-03 19:02:42,4360.0,1
2021-10-03 19:02:44,4359.75,1
2021-10-03 19:02:48,4360.0,2
2021-10-03 19:02:51,4360.0,7
2021-10-03 19:02:52,4360.0,1
2021-10-03 19:03:00,4360.0,1
2021-10-03 19:03:01,4360.0,5
2021-10-03 19:03:02,4360.0,1
2021-10-03 19:03:03,4360.0,4
2021-10-03 19:03:04,4360.25,1
2021-10-03 19:03:04,4360.0,4
2021-10-03 19:03:08,4359.75,10
2021-10-03 19:03:10,4359.75,1
2021-10-03 19:03:11,4359.5,2
2021-10-03 19:03:11,4359.75,7
2021-10-03 19:03:19,4359.5,10
2021-10-03 19:03:19,4359.25,19
2021-10-03 19:03:19,4359.5,1
2021-10-03 19:03:21,4359.25,17
2021-10-03 19:03:23,4359.5,13
2021-10-03 19:03:27,4359.5,6
2021-10-03 19:03:33,4359.25,42
2021-10-03 19:03:33,4359.0,9
2021-10-03 19:03:33,4358.75,5
2021-10-03 19:03:34,4358.75,2
2021-10-03 19:03:38,4359.0,6
2021-10-03 19:03:39,4358.75,1
2021-10-03 19:03:39,4359.0,1
2021-10-03 19:03:40,4359.0,6
2021-10-03 19:03:42,4358.75,1
2021-10-03 19:03:44,4359.0,1
2021-10-03 19:03:45,4358.75,15
2021-10-03 19:03:46,4358.75,4
2021-10-03 19:03:48,4359.0,5
2021-10-03 19:03:50,4359.25,1
2021-10-03 19:03:53,4359.0,1
2021-10-03 19:03:53,4359.25,6
2021-10-03 19:03:54,4359.25,4
2021-10-03 19:03:54,4359.0,4
2021-10-03 19:03:57,4359.25,3
2021-10-03 19:03:58,4359.0,1
2021-10-03 19:04:03,4359.0,20
2021-10-03 19:04:06,4358.75,5
2021-10-03 19:04:11,4358.75,7
2021-10-03 19:04:12,4359.0,11
2021-10-03 19:04:12,4358.75,6
2021-10-03 19:04:13,4358.75,4
2021-10-03 19:04:13,4359.0,13
2021-10-03 19:04:17,4359.0,2
2021-10-03 19:04:19,4359.0,2
2021-10-03 19:04:20,4359.0,1
2021-10-03 19:04:21,4359.0,4
2021-10-03 19:04:23,4358.75,18
2021-10-03 19:04:41,4358.75,2
2021-10-03 19:04:43,4359.0,2
2021-10-03 19:04:46,4359.0,3
2021-10-03 19:04:47,4359.0,5
2021-10-03 19:04:57,4359.0,10
2021-10-03 19:04:58,4359.25,3
2021-10-03 19:04:58,4359.5,3
2021-10-03 19:04:58,4359.25,4
2021-10-03 19:04:59,4359.25,1
2021-10-03 19:05:01,4359.25,2
2021-10-03 19:05:01,4359.5,1
2021-10-03 19:05:02,4359.5,7
2021-10-03 19:05:11,4359.25,6
2021-10-03 19:05:14,4359.0,2
2021-10-03 19:05:16,4359.0,1
2021-10-03 19:05:16,4358.75,5
2021-10-03 19:05:20,4358.75,8
2021-10-03 19:05:21,4358.75,20
2021-10-03 19:05:22,4358.75,2
2021-10-03 19:05:26,4358.75,1
2021-10-03 19:05:27,4359.0,1
2021-10-03 19:05:29,4359.0,5
2021-10-03 19:05:29,4359.25,21
2021-10-03 19:05:29,4359.0,2
2021-10-03 19:05:29,4359.25,7
2021-10-03 19:05:29,4359.5,9
2021-10-03 19:05:30,4359.75,11
2021-10-03 19:05:31,4359.75,5
2021-10-03 19:05:39,4359.75,1
2021-10-03 19:05:40,4359.75,2
2021-10-03 19:05:41,4360.0,2
2021-10-03 19:05:45,4359.75,9
2021-10-03 19:05:45,4359.5,1
2021-10-03 19:05:46,4359.25,12
2021-10-03 19:05:49,4359.0,1
2021-10-03 19:05:50,4359.25,1
2021-10-03 19:05:51,4359.25,9
2021-10-03 19:05:54,4359.5,1
2021-10-03 19:05:54,4359.25,4
2021-10-03 19:05:55,4359.25,1
2021-10-03 19:05:56,4359.25,12
2021-10-03 19:05:57,4359.25,1
2021-10-03 19:05:58,4359.25,4
2021-10-03 19:06:02,4359.0,7
2021-10-03 19:06:02,4359.25,3
2021-10-03 19:06:05,4359.0,1
2021-10-03 19:06:07,4359.25,8
2021-10-03 19:06:12,4359.25,6
2021-10-03 19:06:18,4359.25,3
2021-10-03 19:06:21,4359.5,11
2021-10-03 19:06:26,4359.75,1
2021-10-03 19:06:34,4359.5,13
2021-10-03 19:06:38,4359.25,5
2021-10-03 19:06:38,4359.0,2
2021-10-03 19:06:40,4359.0,12
2021-10-03 19:06:42,4359.25,2
2021-10-03 19:06:57,4359.25,1
2021-10-03 19:07:00,4359.25,1
2021-10-03 19:07:02,4359.5,7
2021-10-03 19:07:04,4359.5,3
2021-10-03 19:07:11,4359.5,2
2021-10-03 19:07:13,4359.5,1
2021-10-03 19:07:13,4359.25,1
2021-10-03 19:07:19,4359.75,1
2021-10-03 19:07:19,4359.5,1
2021-10-03 19:07:26,4359.75,18
2021-10-03 19:07:27,4359.75,12
2021-10-03 19:07:28,4359.5,1
2021-10-03 19:07:29,4359.75,1
2021-10-03 19:07:32,4359.75,3
2021-10-03 19:07:32,4359.5,8
2021-10-03 19:07:40,4359.5,2
2021-10-03 19:07:41,4359.5,3
2021-10-03 19:07:43,4359.5,1
2021-10-03 19:07:46,4359.75,8
2021-10-03 19:07:49,4359.75,10
2021-10-03 19:07:51,4359.75,2
2021-10-03 19:07:54,4359.75,1
2021-10-03 19:08:13,4360.0,52
2021-10-03 19:08:13,4360.25,34
2021-10-03 19:08:13,4360.5,2
2021-10-03 19:08:13,4360.25,3
2021-10-03 19:08:13,4360.0,6
2021-10-03 19:08:13,4360.25,9
2021-10-03 19:08:16,4360.0,5
2021-10-03 19:08:17,4360.25,4
2021-10-03 19:08:18,4360.25,1
2021-10-03 19:08:19,4360.25,1
2021-10-03 19:08:21,4360.25,9
2021-10-03 19:08:27,4360.5,4
2021-10-03 19:08:28,4360.5,1
2021-10-03 19:08:31,4360.5,3
2021-10-03 19:08:32,4360.5,7
2021-10-03 19:08:32,4360.75,1
2021-10-03 19:08:32,4360.5,3
2021-10-03 19:08:37,4360.5,2
2021-10-03 19:08:38,4360.25,21
2021-10-03 19:08:38,4360.0,3
2021-10-03 19:08:38,4359.75,1
2021-10-03 19:08:44,4359.75,8
2021-10-03 19:08:47,4359.75,1
2021-10-03 19:08:51,4359.75,1
2021-10-03 19:08:55,4360.0,9
2021-10-03 19:09:00,4360.25,2
2021-10-03 19:09:00,4360.0,2
2021-10-03 19:09:03,4360.0,1
2021-10-03 19:09:04,4360.0,1
2021-10-03 19:09:05,4360.25,6
2021-10-03 19:09:08,4360.25,2
2021-10-03 19:09:11,4360.5,3
2021-10-03 19:09:15,4360.5,5
2021-10-03 19:09:18,4360.5,3
2021-10-03 19:09:24,4360.75,1
2021-10-03 19:09:27,4360.5,1
2021-10-03 19:09:27,4360.75,14
2021-10-03 19:09:28,4361.0,4
2021-10-03 19:09:30,4361.0,4
2021-10-03 19:09:31,4361.0,21
2021-10-03 19:09:33,4361.25,46
2021-10-03 19:09:34,4361.25,1
2021-10-03 19:09:36,4361.25,1
2021-10-03 19:09:36,4361.0,5
2021-10-03 19:09:38,4361.0,2
2021-10-03 19:09:42,4361.0,1
2021-10-03 19:09:44,4361.25,12
2021-10-03 19:09:46,4361.5,1
2021-10-03 19:09:48,4361.25,5
2021-10-03 19:09:49,4361.5,1
2021-10-03 19:09:51,4361.5,1
2021-10-03 19:09:52,4361.25,1
2021-10-03 19:09:52,4361.5,1
2021-10-03 19:09:53,4361.5,1
2021-10-03 19:09:54,4361.25,1
2021-10-03 19:09:55,4361.5,16
2021-10-03 19:09:56,4361.5,2
2021-10-03 19:09:57,4361.5,2
2021-10-03 19:09:58,4361.5,4
2021-10-03 19:09:59,4361.75,4
2021-10-03 19:10:00,4361.75,1
2021-10-03 19:10:02,4361.75,1
2021-10-03 19:10:02,4361.5,3
2021-10-03 19:10:02,4361.75,4
2021-10-03 19:10:04,4361.5,24
2021-10-03 19:10:04,4361.25,20
2021-10-03 19:10:04,4361.5,2
2021-10-03 19:10:06,4361.5,2
2021-10-03 19:10:07,4361.25,1
2021-10-03 19:10:08,4361.25,6
2021-10-03 19:10:10,4361.0,9
2021-10-03 19:10:12,4361.25,8
2021-10-03 19:10:15,4361.25,1
2021-10-03 19:10:16,4361.0,8
2021-10-03 19:10:17,4361.0,1
2021-10-03 19:10:18,4361.0,10
2021-10-03 19:10:19,4361.0,2
2021-10-03 19:10:20,4360.75,1
2021-10-03 19:10:20,4361.0,2
2021-10-03 19:10:21,4361.0,1
2021-10-03 19:10:22,4360.75,1
2021-10-03 19:10:25,4361.0,2
2021-10-03 19:10:32,4360.75,5
2021-10-03 19:10:33,4360.75,2
2021-10-03 19:10:37,4360.75,1
2021-10-03 19:10:39,4360.5,8
2021-10-03 19:10:41,4360.5,5
2021-10-03 19:10:45,4360.75,28
2021-10-03 19:10:46,4360.5,4
2021-10-03 19:10:48,4360.75,3
2021-10-03 19:10:51,4360.5,5
2021-10-03 19:10:51,4360.25,1
2021-10-03 19:10:51,4360.5,14
2021-10-03 19:10:55,4360.25,2
2021-10-03 19:10:57,4360.25,1
2021-10-03 19:10:59,4360.25,1
2021-10-03 19:11:00,4360.25,3
2021-10-03 19:11:00,4360.0,8
2021-10-03 19:11:00,4359.75,6
2021-10-03 19:11:01,4359.75,9
2021-10-03 19:11:03,4360.0,1
2021-10-03 19:11:04,4360.0,30
2021-10-03 19:11:05,4360.0,1
2021-10-03 19:11:08,4359.75,2
2021-10-03 19:11:12,4359.75,1
2021-10-03 19:11:15,4360.0,1
2021-10-03 19:11:17,4359.75,2
2021-10-03 19:11:17,4360.0,1
2021-10-03 19:11:18,4360.0,21
2021-10-03 19:11:20,4360.0,9
2021-10-03 19:11:36,4359.75,7
2021-10-03 19:11:37,4360.0,1
2021-10-03 19:11:37,4359.75,3
2021-10-03 19:11:39,4360.0,16
2021-10-03 19:11:40,4360.25,6
2021-10-03 19:11:40,4360.5,2
2021-10-03 19:11:44,4360.5,1
2021-10-03 19:11:45,4360.5,2
2021-10-03 19:11:47,4360.5,2
2021-10-03 19:11:48,4360.5,1
2021-10-03 19:11:49,4360.5,1
2021-10-03 19:11:50,4360.5,1
2021-10-03 19:11:52,4360.5,1
2021-10-03 19:11:56,4360.75,12
2021-10-03 19:12:00,4360.75,6
2021-10-03 19:12:03,4361.0,6
2021-10-03 19:12:06,4361.0,13
2021-10-03 19:12:12,4361.25,18
2021-10-03 19:12:16,4361.25,10
2021-10-03 19:12:18,4361.25,1
2021-10-03 19:12:19,4361.0,15
2021-10-03 19:12:22,4361.25,1
2021-10-03 19:12:23,4361.25,1
2021-10-03 19:12:30,4361.25,4
2021-10-03 19:12:34,4361.25,5
2021-10-03 19:12:39,4361.25,1
2021-10-03 19:12:40,4361.0,1
2021-10-03 19:12:41,4361.25,1
2021-10-03 19:12:43,4361.25,1
2021-10-03 19:12:49,4361.25,14
2021-10-03 19:12:51,4361.25,6
2021-10-03 19:12:53,4361.0,7
2021-10-03 19:12:54,4360.75,4
2021-10-03 19:13:10,4360.75,1
2021-10-03 19:13:13,4360.5,1
2021-10-03 19:13:15,4360.75,8
2021-10-03 19:13:17,4360.5,1
2021-10-03 19:13:20,4360.5,2
2021-10-03 19:13:21,4360.75,6
2021-10-03 19:13:24,4360.75,6
2021-10-03 19:13:29,4360.75,2
2021-10-03 19:13:38,4360.5,10
2021-10-03 19:13:40,4360.5,5
2021-10-03 19:13:42,4360.75,1
2021-10-03 19:13:45,4360.75,13
2021-10-03 19:13:47,4360.75,11
2021-10-03 19:13:52,4360.75,1
2021-10-03 19:14:09,4360.5,3
2021-10-03 19:14:11,4360.5,14
2021-10-03 19:14:16,4360.5,3
2021-10-03 19:14:17,4360.75,5
2021-10-03 19:14:18,4360.75,5
2021-10-03 19:14:19,4360.5,1
2021-10-03 19:14:32,4360.75,2
2021-10-03 19:14:43,4360.75,1
2021-10-03 19:14:43,4361.0,2
2021-10-03 19:14:43,4360.75,2
2021-10-03 19:14:52,4360.5,2
2021-10-03 19:14:59,4360.75,2
2021-10-03 19:15:04,4361.0,2
2021-10-03 19:15:07,4361.0,1
2021-10-03 19:15:13,4361.0,1
2021-10-03 19:15:13,4360.75,9
2021-10-03 19:15:15,4360.5,9
2021-10-03 19:15:16,4360.75,7
2021-10-03 19:15:17,4360.75,3
2021-10-03 19:15:23,4360.75,1
2021-10-03 19:15:29,4360.75,1
2021-10-03 19:15:29,4361.0,1
2021-10-03 19:15:38,4360.75,2
2021-10-03 19:15:38,4361.0,17
2021-10-03 19:15:39,4361.0,4
2021-10-03 19:15:48,4361.0,3
2021-10-03 19:15:55,4360.75,3
2021-10-03 19:15:59,4360.75,1
2021-10-03 19:16:00,4360.75,1
2021-10-03 19:16:00,4360.5,1
2021-10-03 19:16:01,4360.5,13
2021-10-03 19:16:06,4360.5,1
2021-10-03 19:16:06,4360.25,2
2021-10-03 19:16:06,4360.5,2
2021-10-03 19:16:07,4360.5,1
2021-10-03 19:16:11,4360.25,1
2021-10-03 19:16:11,4360.5,2
2021-10-03 19:16:16,4360.5,3
2021-10-03 19:16:20,4360.75,7
2021-10-03 19:16:22,4360.75,1
2021-10-03 19:16:33,4361.0,5
2021-10-03 19:16:35,4361.0,4
2021-10-03 19:16:37,4361.0,12
2021-10-03 19:16:37,4360.75,26
2021-10-03 19:16:37,4360.5,12
2021-10-03 19:16:37,4360.75,4
2021-10-03 19:16:41,4360.75,1
2021-10-03 19:16:53,4360.75,8
2021-10-03 19:17:03,4360.5,21
2021-10-03 19:17:08,4360.25,1
2021-10-03 19:17:12,4360.25,40
2021-10-03 19:17:13,4360.25,2
2021-10-03 19:17:20,4360.0,1
2021-10-03 19:17:27,4360.0,1
2021-10-03 19:17:28,4360.0,1
2021-10-03 19:17:33,4360.25,9
2021-10-03 19:17:37,4360.25,2
2021-10-03 19:17:43,4360.25,1
2021-10-03 19:17:53,4360.0,1
2021-10-03 19:17:57,4360.0,47
2021-10-03 19:17:58,4360.0,7
2021-10-03 19:18:01,4360.25,16
2021-10-03 19:18:03,4360.25,3
2021-10-03 19:18:04,4360.0,5
2021-10-03 19:18:08,4360.25,10
2021-10-03 19:18:09,4360.0,2
2021-10-03 19:18:17,4360.0,1
2021-10-03 19:18:22,4360.0,1
2021-10-03 19:18:23,4360.0,1
2021-10-03 19:18:25,4360.25,13
2021-10-03 19:18:26,4360.25,1
2021-10-03 19:18:29,4360.25,1
2021-10-03 19:18:33,4360.25,1
2021-10-03 19:18:35,4360.25,12
2021-10-03 19:18:41,4360.25,13
2021-10-03 19:19:01,4360.5,13
2021-10-03 19:19:03,4360.25,1
2021-10-03 19:19:07,4360.25,5
2021-10-03 19:19:15,4360.0,8
2021-10-03 19:19:16,4360.25,1
2021-10-03 19:19:20,4360.0,5
2021-10-03 19:19:29,4359.75,1
2021-10-03 19:19:34,4359.75,23
2021-10-03 19:19:34,4359.5,14
2021-10-03 19:19:35,4359.5,2
2021-10-03 19:19:36,4359.5,14
2021-10-03 19:19:36,4359.25,5
2021-10-03 19:19:36,4359.5,2
2021-10-03 19:19:37,4359.25,5
2021-10-03 19:19:39,4359.25,1
2021-10-03 19:19:40,4359.5,20
2021-10-03 19:19:43,4359.5,2
2021-10-03 19:19:43,4359.25,8
2021-10-03 19:19:44,4359.25,4
2021-10-03 19:19:46,4359.25,2
2021-10-03 19:19:47,4359.0,6
2021-10-03 19:19:48,4359.25,11
2021-10-03 19:19:53,4359.5,8
2021-10-03 19:19:57,4359.25,2
2021-10-03 19:20:00,4359.25,2
2021-10-03 19:20:02,4359.25,3
2021-10-03 19:20:03,4359.25,8
2021-10-03 19:20:05,4359.25,6
2021-10-03 19:20:07,4359.0,5
2021-10-03 19:20:09,4359.0,1
2021-10-03 19:20:10,4359.0,1
2021-10-03 19:20:10,4359.25,14
2021-10-03 19:20:15,4359.25,10
2021-10-03 19:20:24,4359.25,4
2021-10-03 19:20:29,4359.5,7
2021-10-03 19:20:29,4359.75,4
2021-10-03 19:20:41,4359.5,3
2021-10-03 19:20:46,4359.5,6
2021-10-03 19:20:50,4359.5,5
2021-10-03 19:20:51,4359.5,2
2021-10-03 19:20:52,4359.5,1
2021-10-03 19:20:54,4359.25,1
2021-10-03 19:20:57,4359.5,1
2021-10-03 19:21:01,4359.25,17
2021-10-03 19:21:07,4359.0,2
2021-10-03 19:21:10,4359.0,4
2021-10-03 19:21:11,4359.0,35
2021-10-03 19:21:12,4359.0,15
2021-10-03 19:21:16,4359.25,10
2021-10-03 19:21:17,4359.25,1
2021-10-03 19:21:29,4359.0,10
2021-10-03 19:21:36,4359.0,4
2021-10-03 19:21:47,4359.0,12
2021-10-03 19:21:52,4359.0,5
2021-10-03 19:21:53,4359.25,1
2021-10-03 19:21:59,4359.0,1
2021-10-03 19:22:06,4359.25,6
2021-10-03 19:22:09,4359.25,2
2021-10-03 19:22:10,4359.25,10
2021-10-03 19:22:10,4359.5,12
2021-10-03 19:22:10,4359.75,2
2021-10-03 19:22:11,4359.75,1
2021-10-03 19:22:15,4359.5,9
2021-10-03 19:22:17,4359.25,1
2021-10-03 19:22:28,4359.25,5
2021-10-03 19:22:38,4359.5,1
2021-10-03 19:22:40,4359.5,1
2021-10-03 19:22:41,4359.25,1
2021-10-03 19:22:43,4359.5,16
2021-10-03 19:23:00,4359.75,17
2021-10-03 19:23:01,4359.75,8
2021-10-03 19:23:02,4360.0,23
2021-10-03 19:23:04,4360.0,1
2021-10-03 19:23:07,4359.75,1
2021-10-03 19:23:08,4360.0,10
2021-10-03 19:23:10,4359.75,2
2021-10-03 19:23:14,4359.75,1
2021-10-03 19:23:25,4359.75,1
2021-10-03 19:23:30,4359.75,1
2021-10-03 19:23:41,4359.75,1
2021-10-03 19:23:48,4359.5,6
2021-10-03 19:24:03,4359.25,10
2021-10-03 19:24:09,4359.25,3
2021-10-03 19:24:39,4359.25,1
2021-10-03 19:24:44,4359.25,1
2021-10-03 19:24:48,4359.5,4
2021-10-03 19:24:55,4359.5,3
2021-10-03 19:24:59,4359.75,10
2021-10-03 19:25:02,4359.75,2
2021-10-03 19:25:03,4359.75,1
2021-10-03 19:25:05,4359.5,2
2021-10-03 19:25:06,4359.75,4
2021-10-03 19:25:11,4359.75,1
2021-10-03 19:25:13,4359.5,2
2021-10-03 19:25:20,4359.75,3
2021-10-03 19:25:23,4359.75,1
2021-10-03 19:25:54,4360.0,8
2021-10-03 19:25:59,4360.0,1
2021-10-03 19:26:02,4360.0,2
2021-10-03 19:26:03,4360.0,1
2021-10-03 19:26:07,4360.0,4
2021-10-03 19:26:19,4360.0,1
2021-10-03 19:26:20,4360.0,2
2021-10-03 19:26:25,4360.0,7
2021-10-03 19:26:30,4360.0,1
2021-10-03 19:26:34,4360.0,1
2021-10-03 19:26:41,4360.0,2
2021-10-03 19:26:42,4360.0,3
2021-10-03 19:26:43,4360.0,7
2021-10-03 19:26:59,4360.0,6
2021-10-03 19:27:01,4360.0,2
2021-10-03 19:27:03,4360.0,2
2021-10-03 19:27:06,4360.0,10
2021-10-03 19:27:16,4360.25,2
2021-10-03 19:27:26,4360.25,17
2021-10-03 19:27:28,4360.5,24
2021-10-03 19:27:28,4360.25,4
2021-10-03 19:27:30,4360.25,1
2021-10-03 19:27:41,4360.0,2
2021-10-03 19:27:43,4360.0,1
2021-10-03 19:27:48,4360.25,7
2021-10-03 19:27:52,4360.5,1
2021-10-03 19:27:57,4360.5,1
2021-10-03 19:28:00,4360.5,8
2021-10-03 19:28:02,4360.5,4
2021-10-03 19:28:02,4360.75,1
2021-10-03 19:28:05,4360.75,15
2021-10-03 19:28:11,4360.75,10
2021-10-03 19:28:15,4361.0,38
2021-10-03 19:28:16,4361.0,10
2021-10-03 19:28:17,4361.0,5
2021-10-03 19:28:18,4361.0,2
2021-10-03 19:28:19,4361.0,10
2021-10-03 19:28:20,4360.75,12
2021-10-03 19:28:21,4360.75,1
2021-10-03 19:28:24,4360.75,3
2021-10-03 19:28:29,4360.75,2
2021-10-03 19:28:31,4360.75,1
2021-10-03 19:28:39,4360.75,9
2021-10-03 19:28:53,4361.0,1
2021-10-03 19:28:55,4361.0,1
2021-10-03 19:28:58,4360.75,1
2021-10-03 19:28:59,4361.0,7
2021-10-03 19:29:04,4361.25,43
2021-10-03 19:29:06,4361.25,1
2021-10-03 19:29:09,4361.5,3
2021-10-03 19:29:11,4361.5,3
2021-10-03 19:29:11,4361.25,2
2021-10-03 19:29:17,4361.5,1
2021-10-03 19:29:17,4361.25,27
2021-10-03 19:29:18,4361.25,2
2021-10-03 19:29:19,4361.25,1
2021-10-03 19:29:19,4361.0,3
2021-10-03 19:29:22,4360.75,5
2021-10-03 19:29:24,4360.5,3
2021-10-03 19:29:24,4360.75,1
2021-10-03 19:29:28,4360.75,7
2021-10-03 19:29:29,4360.5,11
2021-10-03 19:29:30,4360.75,2
2021-10-03 19:29:31,4360.5,1
2021-10-03 19:29:32,4360.5,11
2021-10-03 19:29:33,4360.75,10
2021-10-03 19:29:34,4361.0,4
2021-10-03 19:29:38,4360.75,8
2021-10-03 19:29:41,4360.75,1
2021-10-03 19:29:42,4360.75,3
2021-10-03 19:29:50,4360.5,8
2021-10-03 19:29:51,4360.5,8
2021-10-03 19:29:52,4360.5,3
2021-10-03 19:29:57,4360.25,2
2021-10-03 19:29:57,4360.5,11
2021-10-03 19:29:59,4360.75,1
2021-10-03 19:30:00,4360.75,13
2021-10-03 19:30:01,4360.75,5
2021-10-03 19:30:07,4361.0,69
2021-10-03 19:30:08,4361.25,11
2021-10-03 19:30:09,4361.25,2
2021-10-03 19:30:10,4361.25,9
2021-10-03 19:30:11,4361.25,2
2021-10-03 19:30:14,4361.25,1
2021-10-03 19:30:15,4361.25,4
2021-10-03 19:30:18,4361.5,7
2021-10-03 19:30:18,4361.25,1
2021-10-03 19:30:22,4361.25,24
2021-10-03 19:30:24,4361.25,1
2021-10-03 19:30:28,4361.25,1
2021-10-03 19:30:29,4361.25,2
2021-10-03 19:30:31,4361.25,3
2021-10-03 19:30:31,4361.0,1
2021-10-03 19:30:33,4361.25,9
2021-10-03 19:30:35,4361.25,9
2021-10-03 19:30:36,4361.5,1
2021-10-03 19:30:40,4361.25,6
2021-10-03 19:30:41,4361.25,1
2021-10-03 19:30:48,4361.0,9
2021-10-03 19:30:50,4361.0,2
2021-10-03 19:30:56,4360.75,1
2021-10-03 19:30:58,4361.0,1
2021-10-03 19:31:00,4361.0,4
2021-10-03 19:31:01,4361.0,3
2021-10-03 19:31:02,4361.0,1
2021-10-03 19:31:03,4361.0,2
2021-10-03 19:31:06,4360.75,15
2021-10-03 19:31:06,4360.5,3
2021-10-03 19:31:12,4360.5,9
2021-10-03 19:31:25,4360.75,12
2021-10-03 19:31:28,4360.75,5
2021-10-03 19:31:29,4361.0,1
2021-10-03 19:31:31,4361.0,7
2021-10-03 19:31:34,4361.25,3
2021-10-03 19:31:45,4361.25,2
2021-10-03 19:31:46,4361.25,5
2021-10-03 19:31:50,4361.5,1
2021-10-03 19:31:50,4361.25,6
2021-10-03 19:31:51,4361.25,9
2021-10-03 19:31:51,4361.5,16
2021-10-03 19:31:53,4361.25,6
2021-10-03 19:31:54,4361.5,1
2021-10-03 19:32:00,4361.5,12
2021-10-03 19:32:01,4361.5,7
2021-10-03 19:32:02,4361.5,10
2021-10-03 19:32:04,4361.5,2
2021-10-03 19:32:09,4361.25,3
2021-10-03 19:32:09,4361.75,1
2021-10-03 19:32:12,4361.75,1
2021-10-03 19:32:15,4361.5,11
2021-10-03 19:32:16,4361.5,1
2021-10-03 19:32:19,4361.5,5
2021-10-03 19:32:30,4361.25,2
2021-10-03 19:32:33,4361.25,20
2021-10-03 19:32:34,4361.25,4
2021-10-03 19:32:35,4361.0,1
2021-10-03 19:32:36,4361.25,2
2021-10-03 19:32:40,4361.25,1
2021-10-03 19:32:42,4361.25,5
2021-10-03 19:32:43,4361.25,3
2021-10-03 19:32:46,4361.25,3
2021-10-03 19:32:47,4361.25,1
2021-10-03 19:32:47,4361.0,1
2021-10-03 19:32:49,4361.25,1
2021-10-03 19:32:52,4361.25,5
2021-10-03 19:32:52,4361.0,1
2021-10-03 19:32:54,4361.0,1
2021-10-03 19:32:55,4361.25,15
2021-10-03 19:33:00,4361.5,1
2021-10-03 19:33:02,4361.25,35
2021-10-03 19:33:04,4361.0,3
2021-10-03 19:33:05,4361.0,19
2021-10-03 19:33:05,4360.75,3
2021-10-03 19:33:06,4360.75,1
2021-10-03 19:33:06,4361.0,1
2021-10-03 19:33:06,4360.75,2
2021-10-03 19:33:07,4361.0,10
2021-10-03 19:33:08,4361.0,8
2021-10-03 19:33:08,4360.75,9
2021-10-03 19:33:10,4360.5,7
2021-10-03 19:33:10,4360.25,2
2021-10-03 19:33:11,4360.25,13
2021-10-03 19:33:12,4360.5,4
2021-10-03 19:33:13,4360.5,2
2021-10-03 19:33:14,4360.5,4
2021-10-03 19:33:16,4360.5,2
2021-10-03 19:33:17,4360.75,2
2021-10-03 19:33:20,4360.5,1
2021-10-03 19:33:22,4360.75,5
2021-10-03 19:33:23,4360.75,5
2021-10-03 19:33:25,4360.75,1
2021-10-03 19:33:26,4360.5,1
2021-10-03 19:33:29,4360.5,6
2021-10-03 19:33:30,4360.5,6
2021-10-03 19:33:33,4360.25,2
2021-10-03 19:33:38,4360.25,13
2021-10-03 19:33:38,4360.0,32
2021-10-03 19:33:39,4360.0,5
2021-10-03 19:33:40,4359.75,9
2021-10-03 19:33:41,4359.75,2
2021-10-03 19:33:42,4359.75,5
2021-10-03 19:33:44,4359.75,2
2021-10-03 19:33:47,4360.0,10
2021-10-03 19:33:50,4360.0,9
2021-10-03 19:33:51,4360.25,1
2021-10-03 19:33:55,4360.0,1
2021-10-03 19:33:57,4360.25,3
2021-10-03 19:33:58,4360.25,1
2021-10-03 19:34:01,4360.5,6
2021-10-03 19:34:01,4360.25,2
2021-10-03 19:34:02,4360.5,3
2021-10-03 19:34:11,4360.5,1
2021-10-03 19:34:14,4360.75,1
2021-10-03 19:34:18,4360.75,1
2021-10-03 19:34:19,4360.5,7
2021-10-03 19:34:20,4360.25,2
2021-10-03 19:34:24,4360.5,10
2021-10-03 19:34:25,4360.25,2
2021-10-03 19:34:30,4360.25,6
2021-10-03 19:34:45,4360.0,14
2021-10-03 19:34:46,4360.0,3
2021-10-03 19:34:49,4360.0,1
2021-10-03 19:34:52,4359.75,1
2021-10-03 19:34:56,4359.75,2
2021-10-03 19:35:02,4359.75,10
2021-10-03 19:35:02,4360.0,6
2021-10-03 19:35:03,4360.0,9
2021-10-03 19:35:03,4359.75,1
2021-10-03 19:35:04,4360.0,1
2021-10-03 19:35:05,4360.0,1
2021-10-03 19:35:06,4360.25,11
2021-10-03 19:35:06,4360.0,1
2021-10-03 19:35:11,4360.25,1
2021-10-03 19:35:12,4360.5,15
2021-10-03 19:35:15,4360.5,1
2021-10-03 19:35:16,4360.5,1
2021-10-03 19:35:24,4360.5,5
2021-10-03 19:35:24,4360.25,1
2021-10-03 19:35:31,4360.5,8
2021-10-03 19:35:46,4360.75,12
2021-10-03 19:35:47,4360.75,1
