Date,Last,Volume
2021-10-03 18:00:00,75.9,36
2021-10-03 18:00:00,75.94,5
2021-10-03 18:00:00,75.95,6
2021-10-03 18:00:00,75.96,1
2021-10-03 18:00:00,75.97,1
2021-10-03 18:00:00,75.9,1
2021-10-03 18:00:00,75.91,1
2021-10-03 18:00:00,75.9,1
2021-10-03 18:00:00,75.98,1
2021-10-03 18:00:00,75.94,1
2021-10-03 18:00:00,75.92,2
2021-10-03 18:00:00,75.93,2
2021-10-03 18:00:00,75.94,3
2021-10-03 18:00:00,75.95,4
2021-10-03 18:00:00,75.96,5
2021-10-03 18:00:00,75.97,1
2021-10-03 18:00:00,75.92,1
2021-10-03 18:00:01,75.95,1
2021-10-03 18:00:01,75.96,3
2021-10-03 18:00:01,75.97,2
2021-10-03 18:00:01,75.98,2
2021-10-03 18:00:01,75.99,3
2021-10-03 18:00:01,75.96,1
2021-10-03 18:00:01,75.98,2
2021-10-03 18:00:01,75.99,3
2021-10-03 18:00:01,76.0,8
2021-10-03 18:00:01,75.96,1
2021-10-03 18:00:01,76.0,1
2021-10-03 18:00:01,75.98,2
2021-10-03 18:00:01,75.95,2
2021-10-03 18:00:01,75.94,3
2021-10-03 18:00:01,75.95,1
2021-10-03 18:00:02,75.96,4
2021-10-03 18:00:02,75.97,3
2021-10-03 18:00:02,75.98,2
2021-10-03 18:00:02,75.99,2
2021-10-03 18:00:02,76.0,51
2021-10-03 18:00:02,75.99,1
2021-10-03 18:00:02,76.0,21
2021-10-03 18:00:02,75.99,1
2021-10-03 18:00:03,76.0,8
2021-10-03 18:00:03,76.01,4
2021-10-03 18:00:03,76.0,4
2021-10-03 18:00:03,76.01,1
2021-10-03 18:00:03,76.02,2
2021-10-03 18:00:03,76.03,1
2021-10-03 18:00:03,76.04,9
2021-10-03 18:00:03,76.03,1
2021-10-03 18:00:03,76.04,1
2021-10-03 18:00:03,76.02,1
2021-10-03 18:00:03,76.04,1
2021-10-03 18:00:03,76.05,9
2021-10-03 18:00:03,76.04,10
2021-10-03 18:00:03,76.05,3
2021-10-03 18:00:04,76.04,8
2021-10-03 18:00:04,76.03,2
2021-10-03 18:00:04,76.04,6
2021-10-03 18:00:05,76.05,4
2021-10-03 18:00:05,76.04,1
2021-10-03 18:00:05,76.03,4
2021-10-03 18:00:05,76.02,4
2021-10-03 18:00:06,76.03,3
2021-10-03 18:00:06,76.04,2
2021-10-03 18:00:06,76.05,21
2021-10-03 18:00:06,76.04,2
2021-10-03 18:00:06,76.03,2
2021-10-03 18:00:06,76.04,1
2021-10-03 18:00:06,76.03,1
2021-10-03 18:00:07,76.04,1
2021-10-03 18:00:07,76.05,17
2021-10-03 18:00:07,76.04,3
2021-10-03 18:00:07,76.05,10
2021-10-03 18:00:07,76.04,6
2021-10-03 18:00:08,76.04,7
2021-10-03 18:00:08,76.03,1
2021-10-03 18:00:08,76.05,23
2021-10-03 18:00:08,76.06,26
2021-10-03 18:00:08,76.07,5
2021-10-03 18:00:08,76.08,5
2021-10-03 18:00:08,76.09,10
2021-10-03 18:00:08,76.1,6
2021-10-03 18:00:08,76.11,9
2021-10-03 18:00:08,76.12,9
2021-10-03 18:00:08,76.13,7
2021-10-03 18:00:08,76.14,11
2021-10-03 18:00:08,76.15,8
2021-10-03 18:00:08,76.16,6
2021-10-03 18:00:08,76.17,7
2021-10-03 18:00:08,76.18,6
2021-10-03 18:00:08,76.19,10
2021-10-03 18:00:08,76.2,8
2021-10-03 18:00:08,76.15,1
2021-10-03 18:00:08,76.12,5
2021-10-03 18:00:08,76.1,1
2021-10-03 18:00:08,76.09,3
2021-10-03 18:00:08,76.08,1
2021-10-03 18:00:08,76.11,1
2021-10-03 18:00:08,76.12,1
2021-10-03 18:00:08,76.14,1
2021-10-03 18:00:08,76.16,2
2021-10-03 18:00:08,76.13,1
2021-10-03 18:00:08,76.09,1
2021-10-03 18:00:08,76.08,2
2021-10-03 18:00:08,76.09,1
2021-10-03 18:00:08,76.13,1
2021-10-03 18:00:08,76.14,1
2021-10-03 18:00:08,76.12,1
2021-10-03 18:00:08,76.14,1
2021-10-03 18:00:08,76.11,2
2021-10-03 18:00:08,76.15,2
2021-10-03 18:00:08,76.13,1
2021-10-03 18:00:08,76.11,1
2021-10-03 18:00:08,76.12,2
2021-10-03 18:00:08,76.14,1
2021-10-03 18:00:08,76.13,4
2021-10-03 18:00:08,76.11,3
2021-10-03 18:00:08,76.12,3
2021-10-03 18:00:08,76.14,1
2021-10-03 18:00:08,76.12,1
2021-10-03 18:00:08,76.14,1
2021-10-03 18:00:08,76.11,1
2021-10-03 18:00:08,76.13,1
2021-10-03 18:00:08,76.1,3
2021-10-03 18:00:08,76.11,2
2021-10-03 18:00:08,76.1,5
2021-10-03 18:00:08,76.09,1
2021-10-03 18:00:08,76.08,4
2021-10-03 18:00:08,76.07,1
2021-10-03 18:00:09,76.11,3
2021-10-03 18:00:09,76.12,2
2021-10-03 18:00:09,76.11,2
2021-10-03 18:00:09,76.13,1
2021-10-03 18:00:09,76.11,3
2021-10-03 18:00:09,76.12,2
2021-10-03 18:00:09,76.11,2
2021-10-03 18:00:09,76.13,1
2021-10-03 18:00:09,76.14,1
2021-10-03 18:00:09,76.12,1
2021-10-03 18:00:09,76.13,2
2021-10-03 18:00:09,76.15,2
2021-10-03 18:00:09,76.13,1
2021-10-03 18:00:09,76.15,1
2021-10-03 18:00:09,76.12,1
2021-10-03 18:00:09,76.11,1
2021-10-03 18:00:09,76.1,2
2021-10-03 18:00:09,76.11,1
2021-10-03 18:00:09,76.13,3
2021-10-03 18:00:09,76.11,1
2021-10-03 18:00:09,76.13,3
2021-10-03 18:00:09,76.12,1
2021-10-03 18:00:09,76.11,2
2021-10-03 18:00:09,76.14,2
2021-10-03 18:00:09,76.13,1
2021-10-03 18:00:09,76.11,4
2021-10-03 18:00:09,76.15,1
2021-10-03 18:00:09,76.12,1
2021-10-03 18:00:09,76.14,1
2021-10-03 18:00:09,76.12,2
2021-10-03 18:00:09,76.14,1
2021-10-03 18:00:09,76.12,1
2021-10-03 18:00:09,76.14,1
2021-10-03 18:00:09,76.12,1
2021-10-03 18:00:09,76.13,1
2021-10-03 18:00:09,76.15,1
2021-10-03 18:00:09,76.13,1
2021-10-03 18:00:09,76.15,3
2021-10-03 18:00:09,76.12,1
2021-10-03 18:00:09,76.13,2
2021-10-03 18:00:09,76.14,1
2021-10-03 18:00:09,76.13,3
2021-10-03 18:00:09,76.12,3
2021-10-03 18:00:09,76.15,2
2021-10-03 18:00:09,76.13,3
2021-10-03 18:00:09,76.15,1
2021-10-03 18:00:09,76.13,1
2021-10-03 18:00:09,76.15,4
2021-10-03 18:00:10,76.13,1
2021-10-03 18:00:10,76.12,2
2021-10-03 18:00:10,76.11,2
2021-10-03 18:00:10,76.14,1
2021-10-03 18:00:10,76.11,1
2021-10-03 18:00:10,76.15,2
2021-10-03 18:00:10,76.13,2
2021-10-03 18:00:10,76.12,1
2021-10-03 18:00:10,76.13,1
2021-10-03 18:00:10,76.14,1
2021-10-03 18:00:10,76.11,1
2021-10-03 18:00:11,76.11,1
2021-10-03 18:00:12,76.11,2
2021-10-03 18:00:12,76.1,2
2021-10-03 18:00:12,76.13,7
2021-10-03 18:00:12,76.1,1
2021-10-03 18:00:12,76.09,1
2021-10-03 18:00:12,76.08,1
2021-10-03 18:00:12,76.07,5
2021-10-03 18:00:12,76.06,9
2021-10-03 18:00:12,76.07,1
2021-10-03 18:00:12,76.06,1
2021-10-03 18:00:12,76.05,2
2021-10-03 18:00:13,76.05,2
2021-10-03 18:00:14,76.05,20
2021-10-03 18:00:14,76.04,1
2021-10-03 18:00:15,76.03,1
2021-10-03 18:00:15,76.02,6
2021-10-03 18:00:15,76.01,1
2021-10-03 18:00:15,76.0,1
2021-10-03 18:00:15,75.99,2
2021-10-03 18:00:15,75.98,1
2021-10-03 18:00:15,75.99,5
2021-10-03 18:00:15,76.0,1
2021-10-03 18:00:15,75.98,4
2021-10-03 18:00:15,75.97,5
2021-10-03 18:00:15,75.96,1
2021-10-03 18:00:15,75.98,1
2021-10-03 18:00:15,75.96,4
2021-10-03 18:00:15,75.95,12
2021-10-03 18:00:15,75.96,6
2021-10-03 18:00:15,75.95,1
2021-10-03 18:00:15,75.93,2
2021-10-03 18:00:16,75.96,7
2021-10-03 18:00:16,75.98,1
2021-10-03 18:00:16,75.99,1
2021-10-03 18:00:16,76.0,3
2021-10-03 18:00:16,76.01,2
2021-10-03 18:00:16,76.02,2
2021-10-03 18:00:16,76.03,2
2021-10-03 18:00:16,76.04,3
2021-10-03 18:00:16,76.05,2
2021-10-03 18:00:16,76.06,3
2021-10-03 18:00:16,76.07,5
2021-10-03 18:00:16,76.08,1
2021-10-03 18:00:16,76.09,3
2021-10-03 18:00:16,76.1,3
2021-10-03 18:00:16,76.0,2
2021-10-03 18:00:16,75.99,1
2021-10-03 18:00:16,75.98,1
2021-10-03 18:00:16,75.99,1
2021-10-03 18:00:16,75.97,1
2021-10-03 18:00:16,75.96,1
2021-10-03 18:00:17,75.97,1
2021-10-03 18:00:17,75.98,7
2021-10-03 18:00:17,75.96,1
2021-10-03 18:00:17,75.98,1
2021-10-03 18:00:17,75.97,3
2021-10-03 18:00:18,75.99,8
2021-10-03 18:00:18,76.0,4
2021-10-03 18:00:18,75.97,2
2021-10-03 18:00:18,75.96,5
2021-10-03 18:00:18,75.95,5
2021-10-03 18:00:19,75.98,1
2021-10-03 18:00:19,76.0,1
2021-10-03 18:00:21,75.98,1
2021-10-03 18:00:23,75.97,3
2021-10-03 18:00:23,75.96,1
2021-10-03 18:00:24,75.94,1
2021-10-03 18:00:25,75.96,1
2021-10-03 18:00:26,75.96,3
2021-10-03 18:00:26,75.95,1
2021-10-03 18:00:26,75.94,1
2021-10-03 18:00:27,75.94,1
2021-10-03 18:00:27,75.97,3
2021-10-03 18:00:28,75.97,1
2021-10-03 18:00:28,75.96,1
2021-10-03 18:00:28,75.98,1
2021-10-03 18:00:28,76.0,12
2021-10-03 18:00:29,76.01,1
2021-10-03 18:00:30,76.01,1
2021-10-03 18:00:31,75.98,1
2021-10-03 18:00:32,76.02,1
2021-10-03 18:00:32,76.01,1
2021-10-03 18:00:35,75.99,1
2021-10-03 18:00:35,76.0,11
2021-10-03 18:00:37,76.01,1
2021-10-03 18:00:37,76.02,1
2021-10-03 18:00:37,76.01,1
2021-10-03 18:00:37,76.04,1
2021-10-03 18:00:37,76.02,1
2021-10-03 18:00:40,76.03,1
2021-10-03 18:00:43,76.04,2
2021-10-03 18:00:43,76.05,6
2021-10-03 18:00:44,76.05,1
2021-10-03 18:00:44,76.04,1
2021-10-03 18:00:45,76.03,17
2021-10-03 18:00:45,76.04,2
2021-10-03 18:00:46,76.04,1
2021-10-03 18:00:47,76.05,1
2021-10-03 18:00:47,76.06,2
2021-10-03 18:00:47,76.04,1
2021-10-03 18:00:47,76.05,1
2021-10-03 18:00:47,76.04,1
2021-10-03 18:00:48,76.05,2
2021-10-03 18:00:48,76.04,6
2021-10-03 18:00:48,76.03,25
2021-10-03 18:00:49,76.04,1
2021-10-03 18:00:49,76.03,3
2021-10-03 18:00:49,76.04,19
2021-10-03 18:00:49,76.05,1
2021-10-03 18:00:50,76.05,2
2021-10-03 18:00:50,76.06,1
2021-10-03 18:00:50,76.04,3
2021-10-03 18:00:50,76.03,1
2021-10-03 18:00:51,76.04,2
2021-10-03 18:00:55,76.04,3
2021-10-03 18:00:55,76.06,1
2021-10-03 18:00:55,76.04,2
2021-10-03 18:00:56,76.05,1
2021-10-03 18:00:57,76.05,1
2021-10-03 18:00:57,76.06,4
2021-10-03 18:00:57,76.05,1
2021-10-03 18:00:58,76.07,1
2021-10-03 18:00:58,76.05,1
2021-10-03 18:00:59,76.06,1
2021-10-03 18:00:59,76.05,1
2021-10-03 18:01:00,76.05,1
2021-10-03 18:01:00,76.06,2
2021-10-03 18:01:00,76.05,1
2021-10-03 18:01:00,76.06,2
2021-10-03 18:01:00,76.07,3
2021-10-03 18:01:00,76.08,2
2021-10-03 18:01:00,76.09,3
2021-10-03 18:01:00,76.07,1
2021-10-03 18:01:00,76.05,2
2021-10-03 18:01:00,76.04,6
2021-10-03 18:01:00,76.05,1
2021-10-03 18:01:01,76.05,6
2021-10-03 18:01:02,76.06,2
2021-10-03 18:01:03,76.07,3
2021-10-03 18:01:03,76.06,1
2021-10-03 18:01:03,76.04,1
2021-10-03 18:01:03,76.07,1
2021-10-03 18:01:04,76.04,1
2021-10-03 18:01:05,76.04,1
2021-10-03 18:01:09,76.07,3
2021-10-03 18:01:12,76.05,2
2021-10-03 18:01:16,76.08,1
2021-10-03 18:01:16,76.09,4
2021-10-03 18:01:20,76.09,1
2021-10-03 18:01:20,76.1,6
2021-10-03 18:01:22,76.11,5
2021-10-03 18:01:22,76.12,2
2021-10-03 18:01:22,76.13,1
2021-10-03 18:01:22,76.12,1
2021-10-03 18:01:22,76.13,2
2021-10-03 18:01:22,76.12,7
2021-10-03 18:01:22,76.11,6
2021-10-03 18:01:22,76.1,1
2021-10-03 18:01:25,76.1,3
2021-10-03 18:01:26,76.08,1
2021-10-03 18:01:29,76.1,1
2021-10-03 18:01:31,76.1,2
2021-10-03 18:01:38,76.1,9
2021-10-03 18:01:38,76.11,7
2021-10-03 18:01:38,76.12,4
2021-10-03 18:01:38,76.09,2
2021-10-03 18:01:38,76.12,5
2021-10-03 18:01:39,76.09,2
2021-10-03 18:01:39,76.1,1
2021-10-03 18:01:40,76.12,2
2021-10-03 18:01:40,76.11,2
2021-10-03 18:01:40,76.12,2
2021-10-03 18:01:40,76.11,2
2021-10-03 18:01:40,76.12,1
2021-10-03 18:01:43,76.1,1
2021-10-03 18:01:44,76.11,1
2021-10-03 18:01:45,76.12,2
2021-10-03 18:01:46,76.1,1
2021-10-03 18:01:50,76.11,1
2021-10-03 18:01:51,76.12,1
2021-10-03 18:01:52,76.1,1
2021-10-03 18:01:54,76.11,1
2021-10-03 18:01:54,76.12,2
2021-10-03 18:01:57,76.12,4
2021-10-03 18:01:57,76.11,1
2021-10-03 18:01:59,76.11,1
2021-10-03 18:02:01,76.12,5
2021-10-03 18:02:02,76.1,1
2021-10-03 18:02:05,76.1,26
2021-10-03 18:02:08,76.1,1
2021-10-03 18:02:14,76.11,1
2021-10-03 18:02:22,76.1,7
2021-10-03 18:02:22,76.09,4
2021-10-03 18:02:22,76.08,8
2021-10-03 18:02:22,76.09,1
2021-10-03 18:02:22,76.08,2
2021-10-03 18:02:22,76.1,1
2021-10-03 18:02:23,76.09,2
2021-10-03 18:02:23,76.08,3
2021-10-03 18:02:23,76.07,5
2021-10-03 18:02:25,76.1,1
2021-10-03 18:02:26,76.09,1
2021-10-03 18:02:30,76.09,2
2021-10-03 18:02:31,76.11,1
2021-10-03 18:02:32,76.09,1
2021-10-03 18:02:32,76.11,1
2021-10-03 18:02:33,76.09,4
2021-10-03 18:02:33,76.1,1
2021-10-03 18:02:34,76.09,1
2021-10-03 18:02:35,76.09,1
2021-10-03 18:02:45,76.1,8
2021-10-03 18:02:45,76.09,1
2021-10-03 18:02:48,76.08,2
2021-10-03 18:02:48,76.09,1
2021-10-03 18:02:48,76.1,2
2021-10-03 18:02:48,76.11,1
2021-10-03 18:02:49,76.09,1
2021-10-03 18:02:55,76.09,1
2021-10-03 18:02:56,76.09,1
2021-10-03 18:02:56,76.11,1
2021-10-03 18:03:01,76.11,10
2021-10-03 18:03:01,76.1,2
2021-10-03 18:03:04,76.09,1
2021-10-03 18:03:08,76.09,1
2021-10-03 18:03:10,76.08,1
2021-10-03 18:03:11,76.08,3
2021-10-03 18:03:11,76.07,1
2021-10-03 18:03:14,76.08,1
2021-10-03 18:03:18,76.07,1
2021-10-03 18:03:20,76.07,3
2021-10-03 18:03:22,76.07,1
2021-10-03 18:03:23,76.07,1
2021-10-03 18:03:24,76.06,4
2021-10-03 18:03:25,76.05,10
2021-10-03 18:03:25,76.06,1
2021-10-03 18:03:26,76.05,2
2021-10-03 18:03:26,76.04,1
2021-10-03 18:03:27,76.03,71
2021-10-03 18:03:27,76.02,1
2021-10-03 18:03:27,76.03,1
2021-10-03 18:03:28,76.03,2
2021-10-03 18:03:30,76.03,1
2021-10-03 18:03:31,76.02,2
2021-10-03 18:03:31,76.01,4
2021-10-03 18:03:31,76.02,3
2021-10-03 18:03:33,76.01,2
2021-10-03 18:03:34,76.01,1
2021-10-03 18:03:34,76.0,8
2021-10-03 18:03:34,75.98,1
2021-10-03 18:03:34,75.97,2
2021-10-03 18:03:36,75.99,2
2021-10-03 18:03:38,75.99,4
2021-10-03 18:03:40,76.0,1
2021-10-03 18:03:42,76.01,8
2021-10-03 18:03:44,76.01,1
2021-10-03 18:03:44,76.0,2
2021-10-03 18:03:44,76.01,1
2021-10-03 18:03:45,76.0,1
2021-10-03 18:03:46,76.01,1
2021-10-03 18:03:46,76.0,1
2021-10-03 18:03:46,76.01,1
2021-10-03 18:03:51,76.02,3
2021-10-03 18:03:52,76.03,6
2021-10-03 18:03:52,76.04,3
2021-10-03 18:03:52,76.03,1
2021-10-03 18:03:53,76.03,1
2021-10-03 18:03:56,76.01,1
2021-10-03 18:03:59,76.0,1
2021-10-03 18:03:59,76.02,1
2021-10-03 18:04:00,76.0,2
2021-10-03 18:04:02,75.99,1
2021-10-03 18:04:02,76.01,4
2021-10-03 18:04:02,76.02,5
2021-10-03 18:04:02,76.03,7
2021-10-03 18:04:02,76.04,5
2021-10-03 18:04:03,76.02,2
2021-10-03 18:04:03,76.01,1
2021-10-03 18:04:05,76.02,2
2021-10-03 18:04:05,76.01,2
2021-10-03 18:04:05,76.0,14
2021-10-03 18:04:06,76.0,4
2021-10-03 18:04:09,76.02,2
2021-10-03 18:04:10,76.0,14
2021-10-03 18:04:10,75.99,6
2021-10-03 18:04:12,75.99,18
2021-10-03 18:04:12,75.98,4
2021-10-03 18:04:12,75.97,3
2021-10-03 18:04:12,75.96,2
2021-10-03 18:04:14,75.96,1
2021-10-03 18:04:16,75.95,2
2021-10-03 18:04:16,75.94,3
2021-10-03 18:04:17,75.93,2
2021-10-03 18:04:18,75.94,6
2021-10-03 18:04:19,75.96,4
2021-10-03 18:04:19,75.97,2
2021-10-03 18:04:22,75.98,1
2021-10-03 18:04:22,75.99,4
2021-10-03 18:04:22,76.0,1
2021-10-03 18:04:22,75.99,2
2021-10-03 18:04:22,75.98,4
2021-10-03 18:04:22,75.97,1
2021-10-03 18:04:25,75.97,2
2021-10-03 18:04:26,75.96,5
2021-10-03 18:04:26,75.95,1
2021-10-03 18:04:26,75.94,4
2021-10-03 18:04:26,75.96,1
2021-10-03 18:04:26,75.95,3
2021-10-03 18:04:26,75.96,1
2021-10-03 18:04:26,75.95,3
2021-10-03 18:04:26,75.94,2
2021-10-03 18:04:26,75.96,1
2021-10-03 18:04:26,75.92,1
2021-10-03 18:04:26,75.93,1
2021-10-03 18:04:33,75.96,11
2021-10-03 18:04:34,75.97,1
2021-10-03 18:04:34,75.96,1
2021-10-03 18:04:34,75.95,1
2021-10-03 18:04:34,75.94,3
2021-10-03 18:04:34,75.93,1
2021-10-03 18:04:38,75.92,3
2021-10-03 18:04:39,75.91,3
2021-10-03 18:04:39,75.93,2
2021-10-03 18:04:41,75.91,2
2021-10-03 18:04:41,75.92,1
2021-10-03 18:04:41,75.9,2
2021-10-03 18:04:42,75.9,1
2021-10-03 18:04:42,75.91,1
2021-10-03 18:04:42,75.89,1
2021-10-03 18:04:42,75.91,1
2021-10-03 18:04:42,75.9,1
2021-10-03 18:04:42,75.91,1
2021-10-03 18:04:42,75.9,3
2021-10-03 18:04:42,75.91,1
2021-10-03 18:04:42,75.93,2
2021-10-03 18:04:44,75.92,1
2021-10-03 18:04:44,75.94,2
2021-10-03 18:04:45,75.93,1
2021-10-03 18:04:45,75.95,3
2021-10-03 18:04:46,75.96,2
2021-10-03 18:04:46,75.97,4
2021-10-03 18:04:47,75.98,2
2021-10-03 18:04:47,75.97,1
2021-10-03 18:04:47,75.98,3
2021-10-03 18:04:47,75.99,2
2021-10-03 18:04:47,76.0,4
2021-10-03 18:04:47,76.01,8
2021-10-03 18:04:47,76.0,1
2021-10-03 18:04:47,75.99,1
2021-10-03 18:04:47,76.0,1
2021-10-03 18:04:47,75.99,1
2021-10-03 18:04:47,75.96,3
2021-10-03 18:04:48,75.94,1
2021-10-03 18:04:48,75.93,5
2021-10-03 18:04:48,75.92,8
2021-10-03 18:04:48,75.93,1
2021-10-03 18:04:49,75.93,2
2021-10-03 18:04:50,75.94,2
2021-10-03 18:04:50,75.95,1
2021-10-03 18:04:51,75.96,4
2021-10-03 18:04:51,75.97,2
2021-10-03 18:04:52,75.98,2
2021-10-03 18:04:52,75.96,1
2021-10-03 18:04:52,75.95,1
2021-10-03 18:04:52,75.94,1
2021-10-03 18:04:52,75.93,5
2021-10-03 18:04:53,75.91,2
2021-10-03 18:04:53,75.9,3
2021-10-03 18:04:53,75.92,1
2021-10-03 18:04:54,75.93,4
2021-10-03 18:04:54,75.95,1
2021-10-03 18:04:56,75.94,1
2021-10-03 18:04:56,75.96,3
2021-10-03 18:04:57,75.97,1
2021-10-03 18:04:57,75.96,1
2021-10-03 18:04:57,75.98,5
2021-10-03 18:04:57,75.97,1
2021-10-03 18:04:59,75.99,2
2021-10-03 18:04:59,75.98,1
2021-10-03 18:04:59,75.97,1
2021-10-03 18:05:00,75.96,1
2021-10-03 18:05:00,75.95,4
2021-10-03 18:05:00,75.94,5
2021-10-03 18:05:00,75.93,4
2021-10-03 18:05:00,75.94,2
2021-10-03 18:05:00,75.93,1
2021-10-03 18:05:00,75.94,1
2021-10-03 18:05:00,75.91,2
2021-10-03 18:05:00,75.92,1
2021-10-03 18:05:01,75.92,1
2021-10-03 18:05:02,75.93,3
2021-10-03 18:05:02,75.94,1
2021-10-03 18:05:02,75.95,1
2021-10-03 18:05:03,75.93,1
2021-10-03 18:05:03,75.94,4
2021-10-03 18:05:03,75.95,2
2021-10-03 18:05:03,75.96,3
2021-10-03 18:05:05,75.94,1
2021-10-03 18:05:07,75.94,1
2021-10-03 18:05:08,75.94,1
2021-10-03 18:05:08,75.93,4
2021-10-03 18:05:10,75.93,1
2021-10-03 18:05:10,75.94,1
2021-10-03 18:05:11,75.92,2
2021-10-03 18:05:16,75.92,1
2021-10-03 18:05:20,75.93,2
2021-10-03 18:05:20,75.92,1
2021-10-03 18:05:26,75.92,2
2021-10-03 18:05:29,75.93,1
2021-10-03 18:05:29,75.94,3
2021-10-03 18:05:29,75.95,1
2021-10-03 18:05:29,75.96,1
2021-10-03 18:05:30,75.95,1
2021-10-03 18:05:30,75.94,1
2021-10-03 18:05:30,75.93,1
2021-10-03 18:05:30,75.94,1
2021-10-03 18:05:30,75.95,1
2021-10-03 18:05:31,75.92,2
2021-10-03 18:05:33,75.93,1
2021-10-03 18:05:33,75.97,5
2021-10-03 18:05:33,75.98,6
2021-10-03 18:05:33,75.99,7
2021-10-03 18:05:33,76.0,8
2021-10-03 18:05:33,75.99,1
2021-10-03 18:05:33,76.0,1
2021-10-03 18:05:33,75.99,1
2021-10-03 18:05:34,76.01,1
2021-10-03 18:05:34,76.02,1
2021-10-03 18:05:34,76.0,1
2021-10-03 18:05:34,76.02,5
2021-10-03 18:05:34,76.03,2
2021-10-03 18:05:34,76.02,2
2021-10-03 18:05:34,76.01,1
2021-10-03 18:05:41,76.0,1
2021-10-03 18:05:41,76.01,3
2021-10-03 18:05:43,76.02,1
2021-10-03 18:05:43,76.01,2
2021-10-03 18:05:46,76.01,1
2021-10-03 18:05:49,76.02,2
2021-10-03 18:05:51,76.03,1
2021-10-03 18:05:55,76.02,1
2021-10-03 18:05:57,76.03,1
2021-10-03 18:05:58,76.02,1
2021-10-03 18:06:01,76.02,1
2021-10-03 18:06:03,76.03,1
2021-10-03 18:06:06,76.02,1
2021-10-03 18:06:06,76.03,7
2021-10-03 18:06:06,76.04,1
2021-10-03 18:06:08,76.04,4
2021-10-03 18:06:08,76.05,43
2021-10-03 18:06:08,76.06,1
2021-10-03 18:06:08,76.05,6
2021-10-03 18:06:08,76.04,4
2021-10-03 18:06:08,76.05,1
2021-10-03 18:06:08,76.01,2
2021-10-03 18:06:08,76.0,1
2021-10-03 18:06:08,76.02,1
2021-10-03 18:06:08,76.01,1
2021-10-03 18:06:09,76.01,1
2021-10-03 18:06:09,76.02,1
2021-10-03 18:06:10,76.02,1
2021-10-03 18:06:10,76.01,1
2021-10-03 18:06:14,76.01,1
2021-10-03 18:06:15,76.0,3
2021-10-03 18:06:16,76.0,1
2021-10-03 18:06:17,76.0,1
2021-10-03 18:06:19,76.01,2
2021-10-03 18:06:28,76.01,2
2021-10-03 18:06:29,76.02,2
2021-10-03 18:06:32,76.02,1
2021-10-03 18:06:34,76.01,3
2021-10-03 18:06:34,76.02,3
2021-10-03 18:06:34,76.03,4
2021-10-03 18:06:36,76.04,1
2021-10-03 18:06:56,76.02,2
2021-10-03 18:06:56,76.01,3
2021-10-03 18:06:57,76.01,2
2021-10-03 18:06:57,76.0,15
2021-10-03 18:06:57,75.99,5
2021-10-03 18:06:58,75.98,2
2021-10-03 18:07:04,76.0,1
2021-10-03 18:07:05,76.0,1
2021-10-03 18:07:06,75.98,9
2021-10-03 18:07:06,75.97,1
2021-10-03 18:07:06,75.98,3
2021-10-03 18:07:07,75.99,4
2021-10-03 18:07:10,76.0,1
2021-10-03 18:07:10,76.01,1
2021-10-03 18:07:10,76.0,2
2021-10-03 18:07:10,76.01,1
2021-10-03 18:07:10,76.0,1
2021-10-03 18:07:11,76.01,1
2021-10-03 18:07:19,76.0,1
2021-10-03 18:07:22,76.0,1
2021-10-03 18:07:38,76.0,1
2021-10-03 18:07:40,76.01,1
2021-10-03 18:07:43,76.01,3
2021-10-03 18:07:52,76.01,3
2021-10-03 18:07:52,76.02,6
2021-10-03 18:07:52,76.03,1
2021-10-03 18:07:53,76.01,1
2021-10-03 18:07:53,76.03,1
2021-10-03 18:07:57,76.03,1
2021-10-03 18:07:57,76.02,1
2021-10-03 18:08:04,76.02,1
2021-10-03 18:08:15,75.99,2
2021-10-03 18:08:22,76.01,5
2021-10-03 18:08:22,76.02,5
2021-10-03 18:08:26,76.02,1
2021-10-03 18:08:30,76.02,1
2021-10-03 18:08:52,76.02,1
2021-10-03 18:08:52,76.03,6
2021-10-03 18:08:52,76.04,1
2021-10-03 18:08:53,76.04,1
2021-10-03 18:08:54,76.02,1
2021-10-03 18:08:55,76.01,5
2021-10-03 18:08:56,76.01,1
2021-10-03 18:08:56,76.02,1
2021-10-03 18:08:57,76.04,3
2021-10-03 18:08:58,76.03,1
2021-10-03 18:09:00,76.03,1
2021-10-03 18:09:04,76.04,1
2021-10-03 18:09:07,76.03,1
2021-10-03 18:09:11,76.03,1
2021-10-03 18:09:21,76.03,2
2021-10-03 18:09:23,76.03,1
2021-10-03 18:09:23,76.02,5
2021-10-03 18:09:23,76.01,13
2021-10-03 18:09:23,76.0,1
2021-10-03 18:09:23,76.01,1
2021-10-03 18:09:48,76.02,1
2021-10-03 18:09:48,76.03,5
2021-10-03 18:09:57,76.02,5
2021-10-03 18:09:58,76.02,2
2021-10-03 18:09:59,76.02,2
2021-10-03 18:10:00,76.02,2
2021-10-03 18:10:00,76.01,4
2021-10-03 18:10:00,76.0,10
2021-10-03 18:10:00,76.01,2
2021-10-03 18:10:00,75.98,5
2021-10-03 18:10:00,75.99,1
2021-10-03 18:10:00,75.98,3
2021-10-03 18:10:01,75.97,3
2021-10-03 18:10:01,75.96,2
2021-10-03 18:10:01,75.98,1
2021-10-03 18:10:01,75.96,2
2021-10-03 18:10:01,75.95,1
2021-10-03 18:10:01,75.94,4
2021-10-03 18:10:01,75.96,1
2021-10-03 18:10:01,75.95,1
2021-10-03 18:10:01,75.96,5
2021-10-03 18:10:01,75.98,1
2021-10-03 18:10:02,75.97,1
2021-10-03 18:10:02,75.98,1
2021-10-03 18:10:08,75.98,1
2021-10-03 18:10:09,75.99,7
2021-10-03 18:10:15,76.0,3
2021-10-03 18:10:18,76.0,4
2021-10-03 18:10:23,76.01,2
2021-10-03 18:10:37,75.99,1
2021-10-03 18:10:42,75.99,1
2021-10-03 18:10:42,75.98,1
2021-10-03 18:10:42,75.97,3
2021-10-03 18:10:52,75.99,1
2021-10-03 18:11:10,76.0,2
2021-10-03 18:11:14,76.0,2
2021-10-03 18:11:14,75.99,1
2021-10-03 18:11:14,76.0,1
2021-10-03 18:11:16,75.98,1
2021-10-03 18:11:22,75.98,1
2021-10-03 18:11:22,76.0,3
2021-10-03 18:11:26,75.99,1
2021-10-03 18:11:33,76.0,1
2021-10-03 18:11:34,75.99,7
2021-10-03 18:11:35,75.99,1
2021-10-03 18:11:49,75.99,3
2021-10-03 18:11:56,75.98,1
2021-10-03 18:11:59,75.98,1
2021-10-03 18:12:01,75.99,5
2021-10-03 18:12:06,75.97,8
2021-10-03 18:12:06,75.95,4
2021-10-03 18:12:06,75.94,1
2021-10-03 18:12:11,75.94,2
2021-10-03 18:12:12,75.95,7
2021-10-03 18:12:12,75.96,3
2021-10-03 18:12:14,75.95,3
2021-10-03 18:12:14,75.94,1
2021-10-03 18:12:14,75.96,2
2021-10-03 18:12:14,75.95,1
2021-10-03 18:12:15,75.95,2
2021-10-03 18:12:20,75.95,1
2021-10-03 18:12:20,75.96,5
2021-10-03 18:12:30,75.96,2
2021-10-03 18:12:30,75.95,3
2021-10-03 18:12:30,75.96,1
2021-10-03 18:12:31,75.96,1
2021-10-03 18:12:32,75.97,6
2021-10-03 18:12:35,75.96,2
2021-10-03 18:12:42,75.96,1
2021-10-03 18:12:43,75.96,3
2021-10-03 18:12:43,75.95,1
2021-10-03 18:12:43,75.94,4
2021-10-03 18:12:49,75.95,1
2021-10-03 18:12:50,75.94,1
2021-10-03 18:12:50,75.95,2
2021-10-03 18:12:52,75.95,2
2021-10-03 18:12:53,75.95,1
2021-10-03 18:12:56,75.95,1
2021-10-03 18:13:00,75.95,4
2021-10-03 18:13:01,75.95,2
2021-10-03 18:13:01,75.96,5
2021-10-03 18:13:02,75.96,1
2021-10-03 18:13:10,75.96,46
2021-10-03 18:13:10,75.97,2
2021-10-03 18:13:10,75.96,3
2021-10-03 18:13:10,75.97,5
2021-10-03 18:13:11,75.96,1
2021-10-03 18:13:11,75.95,2
2021-10-03 18:13:12,75.95,1
2021-10-03 18:13:28,75.96,3
2021-10-03 18:13:28,75.97,3
2021-10-03 18:13:28,75.98,1
2021-10-03 18:13:31,75.98,1
2021-10-03 18:13:41,75.98,1
2021-10-03 18:13:47,75.99,1
2021-10-03 18:13:48,75.99,2
2021-10-03 18:13:50,75.98,1
2021-10-03 18:13:52,75.97,1
2021-10-03 18:13:53,75.97,1
2021-10-03 18:13:55,75.97,2
2021-10-03 18:13:55,75.98,1
2021-10-03 18:13:58,75.96,2
2021-10-03 18:14:00,75.96,4
2021-10-03 18:14:00,75.95,1
2021-10-03 18:14:01,75.95,3
2021-10-03 18:14:04,75.94,1
2021-10-03 18:14:04,75.93,1
2021-10-03 18:14:04,75.94,1
2021-10-03 18:14:07,75.94,1
2021-10-03 18:14:08,75.93,3
2021-10-03 18:14:08,75.92,7
2021-10-03 18:14:08,75.93,1
2021-10-03 18:14:08,75.94,2
2021-10-03 18:14:09,75.94,1
2021-10-03 18:14:13,75.94,1
2021-10-03 18:14:14,75.95,1
2021-10-03 18:14:20,75.94,1
2021-10-03 18:14:25,75.95,1
2021-10-03 18:14:26,75.95,1
2021-10-03 18:14:31,75.94,1
2021-10-03 18:14:35,75.94,1
2021-10-03 18:14:39,75.94,3
2021-10-03 18:14:41,75.94,1
2021-10-03 18:14:44,75.93,7
2021-10-03 18:14:50,75.93,2
2021-10-03 18:15:00,75.92,2
2021-10-03 18:15:00,75.91,4
2021-10-03 18:15:00,75.9,10
2021-10-03 18:15:00,75.91,2
2021-10-03 18:15:00,75.92,2
2021-10-03 18:15:00,75.93,1
2021-10-03 18:15:07,75.93,1
2021-10-03 18:15:07,75.92,15
2021-10-03 18:15:08,75.93,2
2021-10-03 18:15:09,75.93,1
2021-10-03 18:15:09,75.94,1
2021-10-03 18:15:09,75.93,3
2021-10-03 18:15:09,75.94,8
2021-10-03 18:15:10,75.93,1
2021-10-03 18:15:15,75.92,2
2021-10-03 18:15:18,75.92,1
2021-10-03 18:15:19,75.91,4
2021-10-03 18:15:25,75.92,4
2021-10-03 18:15:25,75.91,1
2021-10-03 18:15:33,75.91,1
2021-10-03 18:15:33,75.9,5
2021-10-03 18:15:35,75.9,3
2021-10-03 18:15:35,75.91,3
2021-10-03 18:15:41,75.93,1
2021-10-03 18:15:42,75.93,1
2021-10-03 18:15:43,75.94,5
2021-10-03 18:15:45,75.95,1
2021-10-03 18:15:48,75.95,5
2021-10-03 18:16:00,75.94,4
2021-10-03 18:16:00,75.93,2
2021-10-03 18:16:08,75.92,2
2021-10-03 18:16:08,75.93,1
2021-10-03 18:16:09,75.91,1
2021-10-03 18:16:10,75.91,1
2021-10-03 18:16:11,75.93,1
2021-10-03 18:16:12,75.91,2
2021-10-03 18:16:14,75.91,1
2021-10-03 18:16:17,75.92,2
2021-10-03 18:16:20,75.92,1
2021-10-03 18:16:30,75.92,2
2021-10-03 18:16:31,75.91,1
2021-10-03 18:16:35,75.93,1
2021-10-03 18:16:37,75.92,3
2021-10-03 18:16:40,75.91,1
2021-10-03 18:16:41,75.91,1
2021-10-03 18:16:44,75.91,1
2021-10-03 18:16:58,75.91,2
2021-10-03 18:17:03,75.92,1
2021-10-03 18:17:15,75.92,2
2021-10-03 18:17:32,75.92,2
2021-10-03 18:17:35,75.91,1
2021-10-03 18:17:39,75.93,1
2021-10-03 18:17:41,75.91,1
2021-10-03 18:17:52,75.92,1
2021-10-03 18:17:54,75.93,1
2021-10-03 18:18:08,75.92,1
2021-10-03 18:18:21,75.92,3
2021-10-03 18:18:22,75.93,1
2021-10-03 18:18:24,75.92,2
2021-10-03 18:18:33,75.93,1
2021-10-03 18:18:36,75.93,3
2021-10-03 18:18:40,75.92,2
2021-10-03 18:18:40,75.93,1
2021-10-03 18:18:40,75.92,3
2021-10-03 18:18:42,75.93,11
2021-10-03 18:19:00,75.91,2
2021-10-03 18:19:02,75.91,1
2021-10-03 18:19:03,75.91,5
2021-10-03 18:19:06,75.92,1
2021-10-03 18:19:08,75.92,1
2021-10-03 18:19:28,75.92,2
2021-10-03 18:19:32,75.92,1
2021-10-03 18:19:34,75.93,1
2021-10-03 18:19:50,75.93,1
2021-10-03 18:20:00,75.92,2
2021-10-03 18:20:00,75.91,10
2021-10-03 18:20:00,75.9,1
2021-10-03 18:20:00,75.91,1
2021-10-03 18:20:01,75.9,1
2021-10-03 18:20:08,75.9,1
2021-10-03 18:20:11,75.9,1
2021-10-03 18:20:11,75.91,1
2021-10-03 18:20:11,75.9,1
2021-10-03 18:20:18,75.92,1
2021-10-03 18:20:21,75.91,1
2021-10-03 18:20:26,75.92,1
2021-10-03 18:20:35,75.93,1
2021-10-03 18:20:39,75.93,3
2021-10-03 18:20:40,75.93,1
2021-10-03 18:20:49,75.92,3
2021-10-03 18:20:50,75.92,2
2021-10-03 18:20:51,75.92,1
2021-10-03 18:20:58,75.92,1
2021-10-03 18:21:00,75.93,9
2021-10-03 18:21:01,75.92,3
2021-10-03 18:21:03,75.91,1
2021-10-03 18:21:07,75.91,1
2021-10-03 18:21:18,75.92,5
2021-10-03 18:21:18,75.93,2
2021-10-03 18:21:25,75.93,4
2021-10-03 18:21:33,75.93,1
2021-10-03 18:21:36,75.93,1
2021-10-03 18:21:42,75.94,9
2021-10-03 18:21:49,75.95,1
2021-10-03 18:21:52,75.96,1
2021-10-03 18:22:00,75.94,1
2021-10-03 18:22:04,75.94,2
2021-10-03 18:22:16,75.93,1
2021-10-03 18:22:34,75.93,1
2021-10-03 18:22:35,75.93,1
2021-10-03 18:22:38,75.93,1
2021-10-03 18:23:00,75.94,5
2021-10-03 18:23:00,75.95,3
2021-10-03 18:23:05,75.96,4
2021-10-03 18:23:06,75.97,1
2021-10-03 18:23:06,75.98,5
2021-10-03 18:23:06,75.97,1
2021-10-03 18:23:07,75.98,1
2021-10-03 18:23:11,75.97,1
2021-10-03 18:23:12,75.97,1
2021-10-03 18:23:21,75.97,2
2021-10-03 18:23:33,75.96,4
2021-10-03 18:23:39,75.96,1
2021-10-03 18:23:42,75.96,3
2021-10-03 18:23:57,75.96,1
2021-10-03 18:24:00,75.96,1
2021-10-03 18:24:02,75.96,1
2021-10-03 18:24:03,75.96,1
2021-10-03 18:24:08,75.95,2
2021-10-03 18:24:29,75.96,1
2021-10-03 18:24:32,75.95,1
2021-10-03 18:24:32,75.96,5
2021-10-03 18:24:34,75.96,1
2021-10-03 18:24:38,75.97,1
2021-10-03 18:24:41,75.96,1
2021-10-03 18:24:57,75.96,1
2021-10-03 18:24:58,75.97,1
2021-10-03 18:25:13,75.96,2
2021-10-03 18:25:14,75.97,2
2021-10-03 18:25:18,75.97,1
2021-10-03 18:25:24,75.98,2
2021-10-03 18:25:30,75.96,6
2021-10-03 18:25:36,75.95,3
2021-10-03 18:25:38,75.95,2
2021-10-03 18:25:38,75.96,1
2021-10-03 18:25:42,75.97,2
2021-10-03 18:25:56,75.96,6
2021-10-03 18:25:59,75.96,1
2021-10-03 18:26:03,75.96,2
2021-10-03 18:26:03,75.97,11
2021-10-03 18:26:09,75.96,1
2021-10-03 18:26:11,75.96,1
2021-10-03 18:26:13,75.97,5
2021-10-03 18:26:22,75.98,4
2021-10-03 18:26:23,75.98,1
2021-10-03 18:26:29,75.97,4
2021-10-03 18:26:32,75.99,9
2021-10-03 18:26:43,75.99,3
2021-10-03 18:26:46,75.99,1
2021-10-03 18:26:51,75.99,1
2021-10-03 18:26:54,75.99,1
2021-10-03 18:26:54,75.98,1
2021-10-03 18:26:56,75.99,1
2021-10-03 18:27:00,75.98,2
2021-10-03 18:27:02,75.98,1
2021-10-03 18:27:03,75.99,1
2021-10-03 18:27:08,75.99,3
2021-10-03 18:27:26,75.99,7
2021-10-03 18:27:34,75.99,5
2021-10-03 18:27:36,75.98,1
2021-10-03 18:27:38,75.99,1
2021-10-03 18:27:40,75.99,3
2021-10-03 18:28:00,76.0,7
2021-10-03 18:28:00,75.99,1
2021-10-03 18:28:12,75.99,1
2021-10-03 18:28:37,76.0,1
2021-10-03 18:28:44,76.0,1
2021-10-03 18:28:50,76.0,1
2021-10-03 18:28:58,76.0,24
2021-10-03 18:29:00,76.0,6
2021-10-03 18:29:10,75.99,1
2021-10-03 18:29:12,76.0,1
2021-10-03 18:29:19,76.0,1
2021-10-03 18:29:20,76.0,3
2021-10-03 18:29:21,76.0,3
2021-10-03 18:29:30,76.0,1
2021-10-03 18:29:45,76.0,5
2021-10-03 18:29:48,76.01,2
2021-10-03 18:29:59,76.01,1
2021-10-03 18:30:01,76.01,1
2021-10-03 18:30:20,76.0,10
2021-10-03 18:30:37,75.99,1
2021-10-03 18:30:37,75.98,1
2021-10-03 18:30:38,75.98,3
2021-10-03 18:30:46,75.98,3
2021-10-03 18:30:49,75.98,1
2021-10-03 18:30:52,75.99,4
2021-10-03 18:30:56,76.0,2
2021-10-03 18:30:56,76.01,1
2021-10-03 18:30:56,76.02,5
2021-10-03 18:30:56,76.03,2
2021-10-03 18:31:00,76.03,1
2021-10-03 18:31:05,76.01,3
2021-10-03 18:31:28,76.02,6
2021-10-03 18:31:28,76.03,5
2021-10-03 18:31:35,76.04,1
2021-10-03 18:31:35,76.03,1
2021-10-03 18:31:37,76.03,2
2021-10-03 18:31:49,76.03,1
2021-10-03 18:31:51,76.03,2
2021-10-03 18:31:52,76.03,2
2021-10-03 18:31:53,76.03,4
2021-10-03 18:31:53,76.02,1
2021-10-03 18:32:07,76.03,25
2021-10-03 18:32:07,76.02,1
2021-10-03 18:32:09,76.02,1
2021-10-03 18:32:11,76.02,2
2021-10-03 18:32:12,76.02,3
2021-10-03 18:32:13,76.03,1
2021-10-03 18:32:14,76.03,2
2021-10-03 18:32:25,76.03,1
2021-10-03 18:32:31,76.02,1
2021-10-03 18:32:32,76.01,1
2021-10-03 18:32:33,76.0,1
2021-10-03 18:33:01,76.01,3
2021-10-03 18:33:04,76.0,1
2021-10-03 18:33:50,76.0,4
2021-10-03 18:33:50,76.01,2
2021-10-03 18:33:51,76.01,1
2021-10-03 18:34:09,76.01,2
2021-10-03 18:34:32,76.0,3
2021-10-03 18:34:40,76.0,1
2021-10-03 18:34:52,76.01,1
2021-10-03 18:35:01,76.01,1
2021-10-03 18:35:19,76.01,1
2021-10-03 18:35:41,76.02,3
2021-10-03 18:35:57,76.02,1
2021-10-03 18:36:21,76.02,7
2021-10-03 18:36:26,76.03,1
2021-10-03 18:36:39,76.02,2
2021-10-03 18:36:49,76.02,1
2021-10-03 18:37:00,76.02,3
2021-10-03 18:37:01,76.02,1
2021-10-03 18:37:35,76.01,2
2021-10-03 18:37:38,76.01,1
2021-10-03 18:37:51,76.0,1
2021-10-03 18:37:55,76.01,3
2021-10-03 18:37:55,76.02,4
2021-10-03 18:37:56,76.02,3
2021-10-03 18:38:02,76.02,2
2021-10-03 18:38:43,76.01,1
2021-10-03 18:38:44,76.01,1
2021-10-03 18:40:01,76.0,10
2021-10-03 18:40:02,76.01,1
2021-10-03 18:40:04,76.01,1
2021-10-03 18:40:32,75.99,6
2021-10-03 18:40:34,75.99,2
2021-10-03 18:40:40,75.99,1
2021-10-03 18:40:41,75.99,1
2021-10-03 18:40:43,76.0,1
2021-10-03 18:40:51,76.0,2
2021-10-03 18:41:00,75.99,2
2021-10-03 18:41:06,75.99,5
2021-10-03 18:41:08,75.99,2
2021-10-03 18:41:10,75.98,21
2021-10-03 18:41:11,75.98,3
2021-10-03 18:41:15,75.98,1
2021-10-03 18:41:20,75.98,1
2021-10-03 18:41:31,75.98,4
2021-10-03 18:41:32,75.98,1
2021-10-03 18:41:35,75.99,1
2021-10-03 18:41:46,75.99,1
2021-10-03 18:42:05,75.98,1
2021-10-03 18:42:06,75.98,1
2021-10-03 18:42:13,75.98,1
2021-10-03 18:42:21,75.98,8
2021-10-03 18:42:23,75.98,1
2021-10-03 18:42:26,75.98,4
2021-10-03 18:42:26,75.97,19
2021-10-03 18:42:26,75.96,2
2021-10-03 18:42:26,75.98,1
2021-10-03 18:42:26,75.97,3
2021-10-03 18:42:26,75.98,1
2021-10-03 18:42:27,75.97,2
2021-10-03 18:42:37,75.97,1
2021-10-03 18:42:41,75.98,4
2021-10-03 18:42:43,75.99,2
2021-10-03 18:42:46,75.98,1
2021-10-03 18:42:50,75.99,4
2021-10-03 18:42:51,75.99,1
2021-10-03 18:43:16,75.98,2
2021-10-03 18:43:21,75.97,3
2021-10-03 18:43:24,75.98,3
2021-10-03 18:43:26,75.98,1
2021-10-03 18:43:33,75.98,1
2021-10-03 18:43:39,75.98,1
2021-10-03 18:43:53,75.98,1
2021-10-03 18:43:54,75.99,1
2021-10-03 18:43:57,75.99,1
2021-10-03 18:44:17,75.98,1
2021-10-03 18:44:36,75.99,1
2021-10-03 18:44:36,76.0,1
2021-10-03 18:44:57,76.0,1
2021-10-03 18:45:02,76.0,5
2021-10-03 18:45:15,75.99,1
2021-10-03 18:45:26,75.99,1
2021-10-03 18:46:01,75.98,2
2021-10-03 18:46:11,75.98,5
2021-10-03 18:46:14,75.98,2
2021-10-03 18:46:21,75.97,6
2021-10-03 18:46:36,75.97,5
2021-10-03 18:46:43,75.98,3
2021-10-03 18:47:08,75.98,2
2021-10-03 18:47:08,75.97,1
2021-10-03 18:47:13,75.97,6
2021-10-03 18:47:22,75.97,1
2021-10-03 18:47:33,75.98,6
2021-10-03 18:47:33,75.99,4
2021-10-03 18:47:34,75.99,1
2021-10-03 18:47:36,76.0,4
2021-10-03 18:47:43,76.0,5
2021-10-03 18:47:46,75.99,1
2021-10-03 18:47:56,76.0,3
2021-10-03 18:47:56,76.01,2
2021-10-03 18:47:56,76.0,2
2021-10-03 18:48:01,76.0,1
2021-10-03 18:48:02,75.99,1
2021-10-03 18:48:07,75.98,8
2021-10-03 18:48:07,75.97,1
2021-10-03 18:48:08,75.98,1
2021-10-03 18:48:08,75.97,3
2021-10-03 18:48:10,75.98,1
2021-10-03 18:48:10,75.97,3
2021-10-03 18:48:17,75.96,4
2021-10-03 18:48:28,75.96,2
2021-10-03 18:48:51,75.97,2
2021-10-03 18:48:51,75.99,3
2021-10-03 18:49:08,75.98,2
2021-10-03 18:49:20,75.98,2
2021-10-03 18:49:40,75.98,1
2021-10-03 18:49:43,75.98,1
2021-10-03 18:49:50,75.98,1
2021-10-03 18:50:00,75.97,3
2021-10-03 18:50:02,75.99,1
2021-10-03 18:50:12,75.98,3
2021-10-03 18:50:24,75.98,1
2021-10-03 18:50:31,75.98,4
2021-10-03 18:50:42,75.98,1
2021-10-03 18:50:45,75.99,5
2021-10-03 18:51:08,75.97,1
2021-10-03 18:51:30,75.98,1
2021-10-03 18:52:00,75.99,1
2021-10-03 18:52:13,76.0,3
2021-10-03 18:52:21,76.0,1
2021-10-03 18:52:30,76.0,2
2021-10-03 18:52:48,76.0,1
2021-10-03 18:52:51,76.0,1
2021-10-03 18:53:15,76.0,1
2021-10-03 18:53:20,76.01,1
2021-10-03 18:53:25,76.01,16
2021-10-03 18:53:36,76.01,1
2021-10-03 18:53:52,76.01,1
2021-10-03 18:53:55,76.01,1
2021-10-03 18:54:05,76.01,2
2021-10-03 18:54:29,76.0,5
2021-10-03 18:54:29,75.99,5
2021-10-03 18:54:34,75.98,1
2021-10-03 18:54:40,75.99,2
2021-10-03 18:54:42,75.98,6
2021-10-03 18:54:42,75.97,2
2021-10-03 18:54:45,75.97,2
2021-10-03 18:54:52,75.96,3
2021-10-03 18:54:53,75.95,1
2021-10-03 18:55:05,75.95,2
2021-10-03 18:55:05,75.94,7
2021-10-03 18:55:09,75.94,1
2021-10-03 18:55:10,75.94,2
2021-10-03 18:55:15,75.93,5
2021-10-03 18:55:15,75.92,5
2021-10-03 18:55:19,75.93,2
2021-10-03 18:55:25,75.93,2
2021-10-03 18:55:31,75.93,1
2021-10-03 18:55:33,75.93,2
2021-10-03 18:55:33,75.92,6
2021-10-03 18:55:33,75.91,1
2021-10-03 18:55:36,75.92,3
2021-10-03 18:55:40,75.92,1
2021-10-03 18:55:40,75.91,5
2021-10-03 18:55:40,75.92,1
2021-10-03 18:55:40,75.91,4
2021-10-03 18:55:40,75.9,4
2021-10-03 18:55:41,75.91,2
2021-10-03 18:55:41,75.92,1
2021-10-03 18:55:41,75.9,1
2021-10-03 18:55:41,75.91,8
2021-10-03 18:55:46,75.9,4
2021-10-03 18:55:49,75.9,1
2021-10-03 18:55:55,75.91,2
2021-10-03 18:55:59,75.91,1
2021-10-03 18:55:59,75.9,3
2021-10-03 18:56:01,75.89,3
2021-10-03 18:56:01,75.9,1
2021-10-03 18:56:01,75.89,2
2021-10-03 18:56:10,75.89,1
2021-10-03 18:56:13,75.9,2
2021-10-03 18:56:19,75.89,1
2021-10-03 18:56:19,75.91,1
2021-10-03 18:56:20,75.91,1
2021-10-03 18:56:20,75.9,5
2021-10-03 18:56:21,75.9,1
2021-10-03 18:56:33,75.89,1
2021-10-03 18:56:40,75.9,1
2021-10-03 18:56:45,75.9,1
2021-10-03 18:56:47,75.89,1
2021-10-03 18:56:50,75.9,1
2021-10-03 18:56:51,75.9,1
2021-10-03 18:56:59,75.89,2
2021-10-03 18:57:06,75.89,1
2021-10-03 18:57:09,75.9,2
2021-10-03 18:57:13,75.9,1
2021-10-03 18:57:33,75.89,1
2021-10-03 18:57:36,75.89,1
2021-10-03 18:57:38,75.9,1
2021-10-03 18:57:39,75.89,2
2021-10-03 18:57:45,75.89,1
2021-10-03 18:57:46,75.88,9
2021-10-03 18:57:46,75.87,2
2021-10-03 18:57:46,75.88,4
2021-10-03 18:57:46,75.87,28
2021-10-03 18:57:47,75.87,10
2021-10-03 18:57:54,75.87,3
2021-10-03 18:57:54,75.88,6
2021-10-03 18:57:59,75.88,1
2021-10-03 18:58:00,75.88,2
2021-10-03 18:58:12,75.88,1
2021-10-03 18:58:14,75.88,4
2021-10-03 18:58:22,75.88,1
2021-10-03 18:58:26,75.87,9
2021-10-03 18:58:26,75.88,7
2021-10-03 18:58:27,75.88,3
2021-10-03 18:58:28,75.88,1
2021-10-03 18:58:28,75.87,1
2021-10-03 18:58:32,75.87,1
2021-10-03 18:58:34,75.87,1
2021-10-03 18:58:34,75.88,1
2021-10-03 18:58:42,75.88,1
2021-10-03 18:58:53,75.87,1
2021-10-03 18:58:57,75.87,2
2021-10-03 18:59:12,75.87,7
2021-10-03 18:59:16,75.87,1
2021-10-03 18:59:22,75.87,7
2021-10-03 18:59:33,75.87,1
2021-10-03 18:59:33,75.88,1
2021-10-03 18:59:36,75.87,1
2021-10-03 18:59:37,75.87,1
2021-10-03 18:59:38,75.87,1
2021-10-03 18:59:42,75.87,1
2021-10-03 19:00:01,75.87,1
2021-10-03 19:00:01,75.88,1
2021-10-03 19:00:02,75.88,7
2021-10-03 19:00:05,75.88,5
2021-10-03 19:00:07,75.88,1
2021-10-03 19:00:07,75.87,1
2021-10-03 19:00:09,75.87,1
2021-10-03 19:00:14,75.88,1
2021-10-03 19:00:18,75.88,4
2021-10-03 19:00:24,75.87,1
2021-10-03 19:00:36,75.87,2
2021-10-03 19:00:36,75.86,1
2021-10-03 19:00:36,75.85,2
2021-10-03 19:00:36,75.86,2
2021-10-03 19:00:36,75.85,2
2021-10-03 19:00:37,75.85,6
2021-10-03 19:00:42,75.86,1
2021-10-03 19:00:44,75.85,5
2021-10-03 19:00:44,75.84,4
2021-10-03 19:00:44,75.83,15
2021-10-03 19:00:45,75.83,6
2021-10-03 19:00:48,75.83,9
2021-10-03 19:00:49,75.83,1
2021-10-03 19:00:51,75.83,1
2021-10-03 19:00:52,75.84,4
2021-10-03 19:00:52,75.85,2
2021-10-03 19:00:52,75.86,6
2021-10-03 19:00:53,75.84,1
2021-10-03 19:01:02,75.86,2
2021-10-03 19:01:04,75.85,1
2021-10-03 19:01:08,75.85,1
2021-10-03 19:01:11,75.85,2
2021-10-03 19:01:27,75.86,1
2021-10-03 19:01:30,75.86,3
2021-10-03 19:01:30,75.85,5
2021-10-03 19:01:30,75.86,3
2021-10-03 19:01:30,75.85,5
2021-10-03 19:01:34,75.85,4
2021-10-03 19:01:37,75.85,1
2021-10-03 19:01:38,75.85,1
2021-10-03 19:01:43,75.85,3
2021-10-03 19:01:48,75.86,1
2021-10-03 19:01:51,75.85,1
2021-10-03 19:01:52,75.85,1
2021-10-03 19:01:52,75.84,1
2021-10-03 19:02:00,75.84,4
2021-10-03 19:02:02,75.84,2
2021-10-03 19:02:19,75.84,1
2021-10-03 19:02:25,75.84,2
2021-10-03 19:02:30,75.84,1
2021-10-03 19:02:31,75.84,1
2021-10-03 19:02:43,75.85,1
2021-10-03 19:02:56,75.85,6
2021-10-03 19:03:05,75.85,2
2021-10-03 19:03:05,75.84,7
2021-10-03 19:03:08,75.83,2
2021-10-03 19:03:15,75.84,1
2021-10-03 19:03:21,75.84,5
2021-10-03 19:03:21,75.83,2
2021-10-03 19:03:27,75.83,1
2021-10-03 19:03:32,75.83,1
2021-10-03 19:03:34,75.83,1
2021-10-03 19:03:43,75.84,1
2021-10-03 19:03:56,75.84,2
2021-10-03 19:03:58,75.84,1
2021-10-03 19:04:00,75.82,9
2021-10-03 19:04:00,75.81,5
2021-10-03 19:04:00,75.82,1
2021-10-03 19:04:01,75.81,1
2021-10-03 19:04:01,75.82,1
2021-10-03 19:04:04,75.81,1
2021-10-03 19:04:05,75.81,1
2021-10-03 19:04:06,75.81,2
2021-10-03 19:04:06,75.8,8
2021-10-03 19:04:06,75.81,2
2021-10-03 19:04:06,75.8,2
2021-10-03 19:04:08,75.8,4
2021-10-03 19:04:09,75.81,1
2021-10-03 19:04:11,75.81,2
2021-10-03 19:04:19,75.82,4
2021-10-03 19:04:25,75.82,4
2021-10-03 19:04:43,75.82,5
2021-10-03 19:04:53,75.81,2
2021-10-03 19:04:53,75.82,2
2021-10-03 19:04:58,75.82,5
2021-10-03 19:05:02,75.82,1
2021-10-03 19:05:03,75.82,2
2021-10-03 19:05:06,75.81,2
2021-10-03 19:05:14,75.81,2
2021-10-03 19:05:15,75.81,1
2021-10-03 19:05:17,75.81,4
2021-10-03 19:05:18,75.81,1
2021-10-03 19:05:21,75.82,2
2021-10-03 19:05:23,75.83,1
2021-10-03 19:05:23,75.82,1
2021-10-03 19:05:30,75.83,6
2021-10-03 19:05:31,75.83,1
2021-10-03 19:05:46,75.83,2
2021-10-03 19:06:18,75.84,2
2021-10-03 19:06:20,75.84,8
2021-10-03 19:06:23,75.85,3
2021-10-03 19:06:24,75.85,5
2021-10-03 19:06:24,75.83,7
2021-10-03 19:07:29,75.84,1
2021-10-03 19:07:59,75.84,1
2021-10-03 19:08:16,75.84,1
2021-10-03 19:08:21,75.85,3
2021-10-03 19:08:29,75.86,2
2021-10-03 19:08:36,75.86,1
2021-10-03 19:08:38,75.86,1
2021-10-03 19:08:38,75.85,1
2021-10-03 19:08:40,75.84,2
2021-10-03 19:08:45,75.85,1
2021-10-03 19:09:03,75.86,10
2021-10-03 19:09:06,75.86,1
2021-10-03 19:09:08,75.87,1
2021-10-03 19:09:09,75.88,1
2021-10-03 19:09:09,75.87,1
2021-10-03 19:09:30,75.88,1
2021-10-03 19:09:31,75.88,1
2021-10-03 19:09:33,75.88,2
2021-10-03 19:09:33,75.87,1
2021-10-03 19:09:33,75.89,8
2021-10-03 19:09:41,75.89,2
2021-10-03 19:09:50,75.88,3
2021-10-03 19:09:54,75.89,1
2021-10-03 19:10:00,75.89,1
2021-10-03 19:10:11,75.88,1
2021-10-03 19:10:16,75.88,1
2021-10-03 19:10:24,75.89,1
2021-10-03 19:10:42,75.89,3
2021-10-03 19:10:52,75.88,4
2021-10-03 19:11:00,75.86,4
2021-10-03 19:11:00,75.84,2
2021-10-03 19:11:01,75.84,5
2021-10-03 19:11:01,75.85,8
2021-10-03 19:11:01,75.86,8
2021-10-03 19:11:05,75.86,1
2021-10-03 19:11:07,75.85,2
2021-10-03 19:11:13,75.84,1
2021-10-03 19:11:26,75.85,1
2021-10-03 19:11:29,75.85,1
2021-10-03 19:12:18,75.86,1
2021-10-03 19:12:24,75.86,1
2021-10-03 19:12:24,75.87,3
2021-10-03 19:12:24,75.88,1
2021-10-03 19:12:25,75.88,1
2021-10-03 19:12:25,75.87,2
2021-10-03 19:12:25,75.88,3
2021-10-03 19:12:52,75.88,1
2021-10-03 19:12:58,75.87,4
2021-10-03 19:13:00,75.86,1
2021-10-03 19:13:09,75.86,3
2021-10-03 19:13:45,75.87,1
2021-10-03 19:13:54,75.87,16
2021-10-03 19:13:58,75.86,1
2021-10-03 19:14:04,75.86,2
2021-10-03 19:14:05,75.85,1
2021-10-03 19:14:14,75.84,1
2021-10-03 19:14:32,75.86,6
2021-10-03 19:14:34,75.86,2
2021-10-03 19:15:36,75.85,6
2021-10-03 19:15:36,75.84,4
2021-10-03 19:16:14,75.84,1
2021-10-03 19:16:21,75.84,1
2021-10-03 19:16:24,75.83,1
2021-10-03 19:16:37,75.83,1
2021-10-03 19:16:49,75.83,1
2021-10-03 19:17:14,75.83,4
2021-10-03 19:17:15,75.84,1
2021-10-03 19:17:56,75.84,4
2021-10-03 19:18:01,75.84,3
2021-10-03 19:18:08,75.84,4
2021-10-03 19:18:15,75.84,1
2021-10-03 19:18:22,75.84,1
2021-10-03 19:18:37,75.84,1
2021-10-03 19:19:08,75.84,1
2021-10-03 19:19:15,75.84,2
2021-10-03 19:19:28,75.84,1
2021-10-03 19:19:33,75.84,1
2021-10-03 19:19:36,75.83,4
2021-10-03 19:19:37,75.83,1
2021-10-03 19:19:46,75.83,1
2021-10-03 19:19:49,75.83,1
2021-10-03 19:20:08,75.82,4
2021-10-03 19:20:09,75.81,2
2021-10-03 19:20:10,75.82,3
2021-10-03 19:20:10,75.81,1
2021-10-03 19:20:11,75.82,1
2021-10-03 19:20:23,75.81,8
2021-10-03 19:20:26,75.82,7
2021-10-03 19:20:51,75.82,2
2021-10-03 19:21:03,75.82,4
2021-10-03 19:21:04,75.81,1
2021-10-03 19:21:11,75.81,1
2021-10-03 19:21:17,75.81,1
2021-10-03 19:21:26,75.81,2
2021-10-03 19:21:27,75.81,4
2021-10-03 19:21:31,75.81,1
2021-10-03 19:21:39,75.8,8
2021-10-03 19:21:39,75.79,6
2021-10-03 19:21:39,75.78,22
2021-10-03 19:21:40,75.78,2
2021-10-03 19:21:40,75.79,7
2021-10-03 19:22:11,75.8,4
2021-10-03 19:22:31,75.8,1
2021-10-03 19:22:43,75.8,5
2021-10-03 19:23:02,75.8,1
2021-10-03 19:23:14,75.8,2
2021-10-03 19:23:32,75.8,9
2021-10-03 19:23:37,75.8,1
2021-10-03 19:23:39,75.8,1
2021-10-03 19:23:41,75.8,2
2021-10-03 19:23:42,75.8,5
2021-10-03 19:23:48,75.79,4
2021-10-03 19:23:49,75.79,2
2021-10-03 19:23:50,75.78,9
2021-10-03 19:23:50,75.77,17
2021-10-03 19:23:50,75.76,3
2021-10-03 19:23:50,75.77,10
2021-10-03 19:23:51,75.77,1
2021-10-03 19:23:53,75.76,1
2021-10-03 19:23:56,75.76,3
2021-10-03 19:23:58,75.76,5
2021-10-03 19:24:07,75.77,3
2021-10-03 19:24:09,75.77,1
2021-10-03 19:24:15,75.78,8
2021-10-03 19:24:18,75.77,2
2021-10-03 19:24:25,75.78,4
2021-10-03 19:24:38,75.77,1
2021-10-03 19:24:46,75.77,6
2021-10-03 19:24:49,75.77,9
2021-10-03 19:24:57,75.78,1
2021-10-03 19:24:57,75.77,1
2021-10-03 19:25:01,75.78,9
2021-10-03 19:25:18,75.78,6
2021-10-03 19:25:20,75.78,1
2021-10-03 19:25:22,75.78,8
2021-10-03 19:25:48,75.77,2
2021-10-03 19:25:56,75.77,1
2021-10-03 19:26:04,75.77,2
2021-10-03 19:26:08,75.76,7
2021-10-03 19:26:08,75.75,21
2021-10-03 19:26:08,75.74,9
2021-10-03 19:26:09,75.74,1
2021-10-03 19:26:11,75.75,1
2021-10-03 19:26:20,75.75,10
2021-10-03 19:26:20,75.74,1
2021-10-03 19:26:23,75.74,1
2021-10-03 19:26:29,75.74,1
2021-10-03 19:26:31,75.74,1
2021-10-03 19:26:33,75.74,8
2021-10-03 19:26:42,75.74,1
2021-10-03 19:27:07,75.74,1
2021-10-03 19:27:08,75.74,1
2021-10-03 19:27:23,75.74,3
2021-10-03 19:27:26,75.74,3
2021-10-03 19:27:32,75.74,1
2021-10-03 19:28:03,75.75,7
2021-10-03 19:28:04,75.75,1
2021-10-03 19:28:15,75.76,2
2021-10-03 19:28:15,75.77,1
2021-10-03 19:28:16,75.77,3
2021-10-03 19:28:25,75.77,5
2021-10-03 19:28:40,75.77,2
2021-10-03 19:28:45,75.77,1
2021-10-03 19:29:03,75.77,3
2021-10-03 19:29:09,75.77,1
2021-10-03 19:29:20,75.78,1
2021-10-03 19:29:29,75.77,4
2021-10-03 19:29:32,75.77,1
2021-10-03 19:29:33,75.78,1
2021-10-03 19:29:33,75.77,1
2021-10-03 19:29:38,75.78,5
2021-10-03 19:29:40,75.78,1
2021-10-03 19:29:49,75.79,12
2021-10-03 19:29:56,75.8,1
2021-10-03 19:29:57,75.8,5
2021-10-03 19:29:57,75.79,1
2021-10-03 19:30:07,75.81,1
2021-10-03 19:30:07,75.82,3
2021-10-03 19:30:08,75.81,1
2021-10-03 19:30:19,75.82,1
2021-10-03 19:30:22,75.81,1
2021-10-03 19:30:37,75.8,7
2021-10-03 19:31:05,75.8,5
2021-10-03 19:31:39,75.79,5
2021-10-03 19:32:14,75.79,1
2021-10-03 19:32:25,75.79,1
2021-10-03 19:32:53,75.8,1
2021-10-03 19:33:03,75.79,1
2021-10-03 19:33:17,75.79,2
2021-10-03 19:33:20,75.8,5
2021-10-03 19:33:22,75.8,1
2021-10-03 19:33:37,75.8,2
2021-10-03 19:33:40,75.79,3
2021-10-03 19:33:44,75.8,5
2021-10-03 19:34:36,75.8,1
2021-10-03 19:35:03,75.8,5
2021-10-03 19:35:04,75.81,8
2021-10-03 19:35:04,75.82,5
2021-10-03 19:35:04,75.83,9
2021-10-03 19:35:12,75.84,3
2021-10-03 19:35:12,75.83,1
2021-10-03 19:35:12,75.84,1
2021-10-03 19:35:12,75.83,1
2021-10-03 19:35:15,75.84,5
2021-10-03 19:35:26,75.84,5
2021-10-03 19:35:33,75.83,1
2021-10-03 19:35:35,75.84,10
2021-10-03 19:35:35,75.83,1
2021-10-03 19:35:39,75.83,1
2021-10-03 19:35:40,75.83,1
2021-10-03 19:35:50,75.83,3
2021-10-03 19:36:14,75.82,2
2021-10-03 19:36:35,75.82,12
2021-10-03 19:36:36,75.82,1
2021-10-03 19:36:41,75.83,3
2021-10-03 19:37:10,75.84,2
2021-10-03 19:37:48,75.84,1
2021-10-03 19:37:59,75.82,1
2021-10-03 19:38:17,75.83,4
2021-10-03 19:38:22,75.84,5
2021-10-03 19:38:27,75.84,4
2021-10-03 19:38:29,75.84,1
2021-10-03 19:38:33,75.84,1
2021-10-03 19:38:45,75.84,1
2021-10-03 19:38:49,75.84,1
2021-10-03 19:38:51,75.85,3
2021-10-03 19:39:00,75.85,2
2021-10-03 19:39:16,75.84,10
2021-10-03 19:39:31,75.83,8
2021-10-03 19:39:41,75.84,9
2021-10-03 19:39:51,75.83,1
2021-10-03 19:39:52,75.84,1
2021-10-03 19:39:57,75.83,8
2021-10-03 19:39:57,75.82,10
2021-10-03 19:39:58,75.81,2
2021-10-03 19:39:59,75.83,1
2021-10-03 19:40:01,75.83,1
2021-10-03 19:40:08,75.83,1
2021-10-03 19:40:38,75.81,4
2021-10-03 19:40:40,75.83,1
2021-10-03 19:41:14,75.82,5
2021-10-03 19:41:25,75.82,1
2021-10-03 19:42:08,75.81,10
2021-10-03 19:42:27,75.81,1
2021-10-03 19:42:29,75.81,1
2021-10-03 19:43:03,75.81,1
2021-10-03 19:43:11,75.8,2
2021-10-03 19:43:11,75.81,1
2021-10-03 19:43:18,75.81,1
2021-10-03 19:43:27,75.81,1
2021-10-03 19:44:03,75.81,2
2021-10-03 19:44:15,75.81,1
2021-10-03 19:44:16,75.81,2
2021-10-03 19:44:26,75.8,1
2021-10-03 19:44:37,75.81,2
2021-10-03 19:44:56,75.81,1
2021-10-03 19:45:00,75.8,1
2021-10-03 19:45:08,75.8,3
2021-10-03 19:45:10,75.8,6
2021-10-03 19:45:12,75.8,1
2021-10-03 19:45:13,75.8,1
2021-10-03 19:45:15,75.8,1
2021-10-03 19:45:16,75.8,2
2021-10-03 19:45:18,75.8,1
2021-10-03 19:45:21,75.8,1
2021-10-03 19:45:22,75.8,1
2021-10-03 19:45:22,75.79,2
2021-10-03 19:45:22,75.8,4
2021-10-03 19:45:23,75.8,2
2021-10-03 19:45:40,75.8,1
2021-10-03 19:45:42,75.8,2
2021-10-03 19:45:55,75.81,6
2021-10-03 19:46:14,75.8,1
2021-10-03 19:47:02,75.81,1
2021-10-03 19:47:17,75.81,1
2021-10-03 19:47:29,75.81,1
2021-10-03 19:47:43,75.8,1
2021-10-03 19:47:51,75.79,2
2021-10-03 19:47:55,75.8,2
2021-10-03 19:47:55,75.81,12
2021-10-03 19:48:00,75.81,5
2021-10-03 19:48:02,75.8,1
2021-10-03 19:48:04,75.8,1
2021-10-03 19:48:18,75.8,3
2021-10-03 19:48:24,75.8,6
2021-10-03 19:48:32,75.79,5
2021-10-03 19:48:34,75.8,1
2021-10-03 19:48:37,75.8,2
2021-10-03 19:48:38,75.81,1
2021-10-03 19:48:38,75.8,1
2021-10-03 19:48:41,75.79,1
2021-10-03 19:48:49,75.8,2
2021-10-03 19:49:01,75.79,10
2021-10-03 19:49:20,75.79,3
2021-10-03 19:49:34,75.78,9
2021-10-03 19:49:35,75.79,1
2021-10-03 19:49:41,75.79,1
2021-10-03 19:50:00,75.78,2
2021-10-03 19:50:04,75.78,1
2021-10-03 19:50:13,75.78,1
2021-10-03 19:50:14,75.78,2
2021-10-03 19:50:30,75.79,5
2021-10-03 19:50:37,75.79,1
2021-10-03 19:51:10,75.79,1
2021-10-03 19:51:10,75.78,1
2021-10-03 19:51:11,75.79,3
2021-10-03 19:51:34,75.78,10
2021-10-03 19:51:53,75.78,1
2021-10-03 19:51:58,75.79,1
2021-10-03 19:52:00,75.79,1
2021-10-03 19:52:01,75.8,1
2021-10-03 19:52:01,75.79,3
2021-10-03 19:52:03,75.79,1
2021-10-03 19:52:05,75.79,2
2021-10-03 19:52:14,75.79,1
2021-10-03 19:52:15,75.79,1
2021-10-03 19:52:22,75.79,1
2021-10-03 19:52:24,75.79,1
2021-10-03 19:52:37,75.79,2
2021-10-03 19:52:44,75.79,1
2021-10-03 19:52:50,75.79,7
2021-10-03 19:53:03,75.8,7
2021-10-03 19:53:03,75.79,4
2021-10-03 19:53:06,75.78,1
2021-10-03 19:53:14,75.79,1
2021-10-03 19:53:46,75.79,1
2021-10-03 19:53:58,75.78,1
2021-10-03 19:54:01,75.78,1
2021-10-03 19:54:38,75.79,1
2021-10-03 19:54:39,75.79,1
2021-10-03 19:54:59,75.78,1
2021-10-03 19:55:00,75.79,4
2021-10-03 19:55:01,75.79,1
2021-10-03 19:55:02,75.79,2
2021-10-03 19:55:16,75.79,1
2021-10-03 19:55:17,75.79,1
2021-10-03 19:55:18,75.79,2
2021-10-03 19:55:29,75.8,3
2021-10-03 19:55:29,75.81,8
2021-10-03 19:55:29,75.82,2
2021-10-03 19:55:29,75.81,1
2021-10-03 19:55:29,75.82,6
2021-10-03 19:55:29,75.81,2
2021-10-03 19:55:29,75.83,4
2021-10-03 19:55:29,75.84,15
2021-10-03 19:55:30,75.84,1
2021-10-03 19:55:40,75.83,1
2021-10-03 19:55:49,75.83,2
2021-10-03 19:55:55,75.83,6
2021-10-03 19:55:58,75.84,2
2021-10-03 19:56:00,75.84,5
2021-10-03 19:56:02,75.84,7
2021-10-03 19:56:07,75.84,1
2021-10-03 19:56:11,75.83,10
2021-10-03 19:56:16,75.84,1
2021-10-03 19:56:17,75.84,6
2021-10-03 19:56:19,75.83,1
2021-10-03 19:56:19,75.84,1
2021-10-03 19:56:28,75.84,3
2021-10-03 19:56:29,75.83,5
2021-10-03 19:56:32,75.84,1
2021-10-03 19:56:35,75.84,1
2021-10-03 19:56:38,75.85,3
2021-10-03 19:56:38,75.86,5
2021-10-03 19:56:38,75.85,3
2021-10-03 19:56:40,75.85,2
2021-10-03 19:56:44,75.85,1
2021-10-03 19:56:49,75.84,1
2021-10-03 19:56:57,75.85,5
2021-10-03 19:57:07,75.84,6
2021-10-03 19:57:08,75.85,1
2021-10-03 19:57:11,75.86,7
2021-10-03 19:57:14,75.86,3
2021-10-03 19:57:15,75.85,1
2021-10-03 19:57:16,75.85,1
2021-10-03 19:57:34,75.85,3
2021-10-03 19:57:38,75.85,1
2021-10-03 19:57:42,75.86,1
2021-10-03 19:57:46,75.84,1
2021-10-03 19:57:48,75.84,3
2021-10-03 19:58:02,75.84,1
2021-10-03 19:58:07,75.84,3
2021-10-03 19:58:31,75.84,5
2021-10-03 19:58:31,75.85,5
2021-10-03 19:58:41,75.84,4
2021-10-03 19:58:50,75.85,2
2021-10-03 19:58:52,75.85,1
2021-10-03 19:58:54,75.84,1
2021-10-03 19:59:00,75.85,3
2021-10-03 19:59:00,75.84,2
2021-10-03 19:59:00,75.83,2
2021-10-03 19:59:00,75.82,5
2021-10-03 19:59:01,75.84,2
2021-10-03 19:59:01,75.83,2
2021-10-03 19:59:02,75.82,1
2021-10-03 19:59:08,75.82,1
2021-10-03 19:59:10,75.82,1
2021-10-03 19:59:15,75.82,2
2021-10-03 19:59:15,75.83,1
2021-10-03 19:59:42,75.83,3
2021-10-03 19:59:49,75.83,2
2021-10-03 20:00:00,75.84,6
2021-10-03 20:00:00,75.85,5
2021-10-03 20:00:00,75.86,26
2021-10-03 20:00:00,75.87,1
2021-10-03 20:00:01,75.86,10
2021-10-03 20:00:02,75.86,4
2021-10-03 20:00:06,75.86,1
2021-10-03 20:00:08,75.87,4
2021-10-03 20:00:10,75.87,1
2021-10-03 20:00:11,75.87,2
2021-10-03 20:00:11,75.88,5
2021-10-03 20:00:12,75.88,1
2021-10-03 20:00:13,75.88,13
2021-10-03 20:00:13,75.86,3
2021-10-03 20:00:13,75.85,7
2021-10-03 20:00:13,75.86,1
2021-10-03 20:00:13,75.87,2
2021-10-03 20:00:29,75.87,4
2021-10-03 20:00:32,75.87,1
2021-10-03 20:00:38,75.87,2
2021-10-03 20:00:49,75.88,2
2021-10-03 20:00:49,75.87,5
2021-10-03 20:00:49,75.86,2
2021-10-03 20:00:50,75.85,1
2021-10-03 20:00:50,75.86,1
2021-10-03 20:00:55,75.85,1
2021-10-03 20:00:59,75.85,4
2021-10-03 20:01:00,75.85,4
2021-10-03 20:01:03,75.84,4
2021-10-03 20:01:04,75.84,1
2021-10-03 20:01:07,75.85,1
2021-10-03 20:01:07,75.84,1
2021-10-03 20:01:10,75.84,2
2021-10-03 20:01:11,75.84,4
2021-10-03 20:01:12,75.84,2
2021-10-03 20:01:13,75.84,1
2021-10-03 20:01:20,75.83,6
2021-10-03 20:01:20,75.82,1
2021-10-03 20:01:20,75.83,2
2021-10-03 20:01:23,75.82,4
2021-10-03 20:01:24,75.81,1
2021-10-03 20:01:24,75.8,2
2021-10-03 20:01:27,75.81,3
2021-10-03 20:01:27,75.82,3
2021-10-03 20:01:27,75.81,1
2021-10-03 20:01:33,75.8,5
2021-10-03 20:01:36,75.8,1
2021-10-03 20:01:39,75.8,6
2021-10-03 20:01:40,75.8,1
2021-10-03 20:01:43,75.8,1
2021-10-03 20:01:45,75.8,1
2021-10-03 20:02:00,75.8,1
2021-10-03 20:02:03,75.8,4
2021-10-03 20:02:04,75.8,2
2021-10-03 20:02:08,75.79,1
2021-10-03 20:02:12,75.79,7
2021-10-03 20:02:15,75.79,1
2021-10-03 20:02:17,75.8,5
2021-10-03 20:02:32,75.8,1
2021-10-03 20:02:41,75.8,1
2021-10-03 20:02:42,75.8,1
2021-10-03 20:02:42,75.79,3
2021-10-03 20:02:42,75.8,2
2021-10-03 20:02:47,75.8,3
2021-10-03 20:02:52,75.79,1
2021-10-03 20:02:52,75.8,1
2021-10-03 20:02:59,75.8,1
2021-10-03 20:03:04,75.8,5
2021-10-03 20:03:05,75.8,2
2021-10-03 20:03:05,75.79,3
2021-10-03 20:03:10,75.79,2
2021-10-03 20:03:14,75.78,3
2021-10-03 20:03:15,75.79,5
2021-10-03 20:03:27,75.78,1
2021-10-03 20:03:28,75.78,14
2021-10-03 20:03:30,75.78,1
2021-10-03 20:03:32,75.79,1
2021-10-03 20:03:32,75.78,1
2021-10-03 20:03:48,75.78,13
2021-10-03 20:03:55,75.78,4
2021-10-03 20:03:59,75.77,1
2021-10-03 20:04:00,75.78,2
2021-10-03 20:04:02,75.78,3
2021-10-03 20:04:03,75.78,2
2021-10-03 20:04:04,75.77,4
2021-10-03 20:04:10,75.77,43
2021-10-03 20:04:10,75.76,8
2021-10-03 20:04:10,75.75,10
2021-10-03 20:04:10,75.74,7
2021-10-03 20:04:10,75.73,14
2021-10-03 20:04:10,75.72,14
2021-10-03 20:04:10,75.71,13
2021-10-03 20:04:10,75.7,15
2021-10-03 20:04:10,75.69,9
2021-10-03 20:04:10,75.7,17
2021-10-03 20:04:10,75.71,3
2021-10-03 20:04:10,75.7,2
2021-10-03 20:04:10,75.71,6
2021-10-03 20:04:10,75.7,3
2021-10-03 20:04:10,75.77,43
2021-10-03 20:04:10,75.76,8
2021-10-03 20:04:10,75.75,10
2021-10-03 20:04:10,75.74,7
2021-10-03 20:04:10,75.73,14
2021-10-03 20:04:10,75.72,14
2021-10-03 20:04:10,75.71,13
2021-10-03 20:04:10,75.7,15
2021-10-03 20:04:10,75.69,9
2021-10-03 20:04:10,75.7,17
2021-10-03 20:04:10,75.71,3
2021-10-03 20:04:10,75.7,2
2021-10-03 20:04:10,75.71,6
2021-10-03 20:04:10,75.7,3
2021-10-03 20:04:11,75.7,5
2021-10-03 20:04:13,75.7,2
2021-10-03 20:04:14,75.7,1
2021-10-03 20:04:23,75.69,2
2021-10-03 20:04:24,75.69,4
2021-10-03 20:04:24,75.7,1
2021-10-03 20:04:24,75.69,2
2021-10-03 20:04:25,75.69,1
2021-10-03 20:04:28,75.69,3
2021-10-03 20:04:31,75.69,1
2021-10-03 20:04:34,75.69,8
2021-10-03 20:04:38,75.7,12
2021-10-03 20:04:39,75.71,1
2021-10-03 20:04:40,75.71,1
2021-10-03 20:04:43,75.71,9
2021-10-03 20:04:45,75.71,1
2021-10-03 20:04:45,75.7,4
2021-10-03 20:04:46,75.71,1
2021-10-03 20:04:46,75.7,5
2021-10-03 20:04:50,75.7,3
2021-10-03 20:04:50,75.69,7
2021-10-03 20:04:55,75.69,6
2021-10-03 20:05:00,75.68,14
2021-10-03 20:05:01,75.67,9
2021-10-03 20:05:01,75.66,9
2021-10-03 20:05:01,75.67,6
2021-10-03 20:05:02,75.66,1
2021-10-03 20:05:02,75.67,8
2021-10-03 20:05:03,75.68,1
2021-10-03 20:05:08,75.67,1
2021-10-03 20:05:10,75.68,1
2021-10-03 20:05:10,75.67,1
2021-10-03 20:05:12,75.67,3
2021-10-03 20:05:15,75.67,2
2021-10-03 20:05:21,75.68,11
2021-10-03 20:05:21,75.69,3
2021-10-03 20:05:21,75.68,1
2021-10-03 20:05:21,75.69,1
2021-10-03 20:05:22,75.69,7
2021-10-03 20:05:24,75.69,5
2021-10-03 20:05:30,75.7,7
2021-10-03 20:05:32,75.7,5
2021-10-03 20:05:37,75.71,5
2021-10-03 20:05:37,75.7,1
2021-10-03 20:05:40,75.71,2
2021-10-03 20:05:42,75.7,1
2021-10-03 20:05:44,75.71,5
2021-10-03 20:05:46,75.71,1
2021-10-03 20:05:47,75.71,1
2021-10-03 20:05:52,75.71,1
2021-10-03 20:05:55,75.72,1
2021-10-03 20:05:59,75.72,9
2021-10-03 20:06:00,75.72,1
2021-10-03 20:06:01,75.73,1
2021-10-03 20:06:02,75.73,1
2021-10-03 20:06:06,75.73,10
2021-10-03 20:06:12,75.72,5
2021-10-03 20:06:19,75.71,4
2021-10-03 20:06:20,75.71,1
2021-10-03 20:06:20,75.7,2
2021-10-03 20:06:20,75.71,2
2021-10-03 20:06:28,75.71,3
2021-10-03 20:06:32,75.71,1
2021-10-03 20:06:37,75.71,8
2021-10-03 20:06:40,75.71,1
2021-10-03 20:06:53,75.71,1
2021-10-03 20:07:00,75.69,5
2021-10-03 20:07:04,75.69,1
2021-10-03 20:07:05,75.69,2
2021-10-03 20:07:05,75.7,2
2021-10-03 20:07:14,75.7,5
2021-10-03 20:07:15,75.7,1
2021-10-03 20:07:24,75.69,1
2021-10-03 20:07:30,75.69,1
2021-10-03 20:07:33,75.69,4
2021-10-03 20:07:40,75.68,3
2021-10-03 20:07:43,75.68,12
2021-10-03 20:07:46,75.68,2
2021-10-03 20:07:54,75.69,4
2021-10-03 20:07:54,75.7,8
2021-10-03 20:07:59,75.7,3
2021-10-03 20:08:00,75.7,2
2021-10-03 20:08:00,75.69,8
2021-10-03 20:08:00,75.7,1
2021-10-03 20:08:05,75.7,1
2021-10-03 20:08:07,75.7,11
2021-10-03 20:08:13,75.71,3
2021-10-03 20:08:14,75.71,1
2021-10-03 20:08:24,75.71,1
2021-10-03 20:08:26,75.71,2
2021-10-03 20:08:44,75.7,11
2021-10-03 20:08:58,75.7,1
2021-10-03 20:09:00,75.69,2
2021-10-03 20:09:03,75.69,1
2021-10-03 20:09:11,75.69,3
2021-10-03 20:09:11,75.68,3
2021-10-03 20:09:24,75.68,1
2021-10-03 20:09:24,75.69,1
2021-10-03 20:09:26,75.69,1
2021-10-03 20:09:31,75.68,5
2021-10-03 20:09:40,75.67,3
2021-10-03 20:09:41,75.67,2
2021-10-03 20:09:41,75.66,1
2021-10-03 20:09:41,75.67,5
2021-10-03 20:09:46,75.67,3
2021-10-03 20:09:47,75.67,1
2021-10-03 20:09:51,75.67,1
2021-10-03 20:09:57,75.67,6
2021-10-03 20:09:58,75.67,1
2021-10-03 20:09:59,75.67,2
2021-10-03 20:10:00,75.66,20
2021-10-03 20:10:01,75.66,2
2021-10-03 20:10:03,75.66,3
2021-10-03 20:10:04,75.67,3
2021-10-03 20:10:08,75.67,4
2021-10-03 20:10:08,75.68,1
2021-10-03 20:10:09,75.68,3
2021-10-03 20:10:14,75.68,9
2021-10-03 20:10:15,75.68,3
2021-10-03 20:10:15,75.69,1
2021-10-03 20:10:18,75.67,1
2021-10-03 20:10:23,75.68,4
2021-10-03 20:10:26,75.68,1
2021-10-03 20:10:29,75.68,1
2021-10-03 20:10:35,75.68,1
2021-10-03 20:10:39,75.68,1
2021-10-03 20:10:50,75.67,1
2021-10-03 20:10:52,75.67,4
2021-10-03 20:10:52,75.66,18
2021-10-03 20:10:53,75.66,1
2021-10-03 20:10:57,75.66,1
2021-10-03 20:10:57,75.67,1
2021-10-03 20:11:01,75.66,1
2021-10-03 20:11:08,75.66,1
2021-10-03 20:11:08,75.65,1
2021-10-03 20:11:09,75.66,9
2021-10-03 20:11:10,75.66,1
2021-10-03 20:11:15,75.67,2
2021-10-03 20:11:20,75.67,5
2021-10-03 20:11:21,75.67,1
2021-10-03 20:11:22,75.67,4
2021-10-03 20:11:35,75.67,3
2021-10-03 20:11:46,75.67,3
2021-10-03 20:11:56,75.67,10
2021-10-03 20:12:08,75.66,3
2021-10-03 20:12:16,75.66,9
2021-10-03 20:12:17,75.66,2
2021-10-03 20:12:17,75.65,36
2021-10-03 20:12:17,75.64,11
2021-10-03 20:12:17,75.63,4
2021-10-03 20:12:17,75.62,2
2021-10-03 20:12:17,75.63,1
2021-10-03 20:12:17,75.62,11
2021-10-03 20:12:17,75.61,9
2021-10-03 20:12:17,75.6,5
2021-10-03 20:12:18,75.61,1
2021-10-03 20:12:18,75.6,2
2021-10-03 20:12:18,75.61,1
2021-10-03 20:12:18,75.6,6
2021-10-03 20:12:19,75.6,1
2021-10-03 20:12:20,75.6,6
2021-10-03 20:12:22,75.6,2
2021-10-03 20:12:23,75.6,1
2021-10-03 20:12:25,75.61,7
2021-10-03 20:12:26,75.61,3
2021-10-03 20:12:26,75.62,2
2021-10-03 20:12:26,75.61,2
2021-10-03 20:12:27,75.61,1
2021-10-03 20:12:28,75.6,1
2021-10-03 20:12:29,75.61,1
2021-10-03 20:12:31,75.61,3
2021-10-03 20:12:32,75.6,6
2021-10-03 20:12:33,75.6,2
2021-10-03 20:12:34,75.6,2
2021-10-03 20:12:35,75.6,5
2021-10-03 20:12:36,75.6,1
2021-10-03 20:12:40,75.59,20
2021-10-03 20:12:40,75.58,16
2021-10-03 20:12:40,75.57,3
2021-10-03 20:12:40,75.58,1
2021-10-03 20:12:40,75.57,14
2021-10-03 20:12:40,75.56,14
2021-10-03 20:12:40,75.55,43
2021-10-03 20:12:40,75.56,1
2021-10-03 20:12:40,75.58,2
2021-10-03 20:12:40,75.57,2
2021-10-03 20:12:40,75.56,3
2021-10-03 20:12:40,75.57,21
2021-10-03 20:12:43,75.57,4
2021-10-03 20:12:43,75.56,1
2021-10-03 20:12:44,75.57,1
2021-10-03 20:12:45,75.57,1
2021-10-03 20:12:46,75.58,1
2021-10-03 20:12:46,75.57,3
2021-10-03 20:12:47,75.56,24
2021-10-03 20:12:48,75.55,1
2021-10-03 20:12:48,75.56,2
2021-10-03 20:12:50,75.55,2
2021-10-03 20:12:51,75.56,1
2021-10-03 20:12:52,75.55,2
2021-10-03 20:12:54,75.56,1
2021-10-03 20:12:56,75.56,2
2021-10-03 20:12:57,75.57,1
2021-10-03 20:12:58,75.57,1
2021-10-03 20:12:58,75.56,1
2021-10-03 20:12:59,75.56,3
2021-10-03 20:13:00,75.55,10
2021-10-03 20:13:00,75.56,3
2021-10-03 20:13:00,75.55,1
2021-10-03 20:13:02,75.56,5
2021-10-03 20:13:03,75.56,6
2021-10-03 20:13:04,75.57,5
2021-10-03 20:13:04,75.58,12
2021-10-03 20:13:06,75.58,6
2021-10-03 20:13:06,75.57,4
2021-10-03 20:13:06,75.58,1
2021-10-03 20:13:08,75.58,1
2021-10-03 20:13:08,75.57,1
2021-10-03 20:13:12,75.58,1
2021-10-03 20:13:17,75.58,4
2021-10-03 20:13:19,75.58,7
2021-10-03 20:13:20,75.57,1
2021-10-03 20:13:29,75.59,8
2021-10-03 20:13:35,75.59,1
2021-10-03 20:13:50,75.59,1
2021-10-03 20:13:53,75.59,1
2021-10-03 20:13:56,75.58,1
2021-10-03 20:13:59,75.58,4
2021-10-03 20:14:02,75.58,1
2021-10-03 20:14:03,75.58,1
2021-10-03 20:14:23,75.58,1
2021-10-03 20:14:24,75.58,1
2021-10-03 20:14:27,75.58,1
2021-10-03 20:14:35,75.59,1
2021-10-03 20:14:36,75.58,1
2021-10-03 20:14:39,75.59,5
2021-10-03 20:14:44,75.6,9
2021-10-03 20:14:45,75.6,1
2021-10-03 20:14:47,75.6,5
2021-10-03 20:14:50,75.6,1
2021-10-03 20:14:53,75.59,3
2021-10-03 20:14:54,75.59,1
2021-10-03 20:15:02,75.59,1
2021-10-03 20:15:02,75.58,2
2021-10-03 20:15:02,75.59,1
2021-10-03 20:15:02,75.58,3
2021-10-03 20:15:04,75.59,1
2021-10-03 20:15:05,75.58,1
2021-10-03 20:15:06,75.58,2
2021-10-03 20:15:10,75.58,1
2021-10-03 20:15:12,75.59,1
2021-10-03 20:15:18,75.58,1
2021-10-03 20:15:18,75.57,2
2021-10-03 20:15:18,75.56,7
2021-10-03 20:15:21,75.56,1
2021-10-03 20:15:22,75.55,2
2021-10-03 20:15:24,75.56,1
2021-10-03 20:15:31,75.55,12
2021-10-03 20:15:31,75.54,14
2021-10-03 20:15:31,75.53,19
2021-10-03 20:15:32,75.53,2
2021-10-03 20:15:34,75.53,1
2021-10-03 20:15:37,75.52,12
2021-10-03 20:15:39,75.53,1
2021-10-03 20:15:40,75.53,1
2021-10-03 20:15:44,75.53,3
2021-10-03 20:15:45,75.53,1
2021-10-03 20:15:47,75.53,1
2021-10-03 20:15:49,75.53,3
2021-10-03 20:15:52,75.53,2
2021-10-03 20:15:52,75.52,1
2021-10-03 20:15:54,75.53,1
2021-10-03 20:16:00,75.54,10
2021-10-03 20:16:04,75.54,5
2021-10-03 20:16:06,75.54,1
2021-10-03 20:16:07,75.53,1
2021-10-03 20:16:11,75.53,5
2021-10-03 20:16:14,75.53,7
2021-10-03 20:16:14,75.54,4
2021-10-03 20:16:17,75.54,7
2021-10-03 20:16:21,75.54,5
2021-10-03 20:16:21,75.55,2
2021-10-03 20:16:22,75.54,1
2021-10-03 20:16:28,75.54,5
2021-10-03 20:16:28,75.55,1
2021-10-03 20:16:41,75.54,2
2021-10-03 20:16:42,75.54,1
2021-10-03 20:16:50,75.54,5
2021-10-03 20:16:51,75.54,1
2021-10-03 20:16:53,75.55,1
2021-10-03 20:16:58,75.54,3
2021-10-03 20:17:03,75.53,3
2021-10-03 20:17:03,75.52,1
2021-10-03 20:17:05,75.52,5
2021-10-03 20:17:06,75.52,1
2021-10-03 20:17:08,75.53,3
2021-10-03 20:17:15,75.53,1
2021-10-03 20:17:16,75.53,1
2021-10-03 20:17:18,75.54,1
2021-10-03 20:17:21,75.53,1
2021-10-03 20:17:25,75.53,3
2021-10-03 20:17:32,75.53,8
2021-10-03 20:17:34,75.52,1
2021-10-03 20:17:39,75.53,1
2021-10-03 20:17:41,75.53,2
2021-10-03 20:17:42,75.53,1
2021-10-03 20:17:44,75.53,1
2021-10-03 20:17:45,75.53,1
2021-10-03 20:17:51,75.52,2
2021-10-03 20:17:52,75.52,6
2021-10-03 20:17:56,75.53,1
2021-10-03 20:17:58,75.53,1
2021-10-03 20:18:00,75.52,5
2021-10-03 20:18:01,75.52,1
2021-10-03 20:18:03,75.52,2
2021-10-03 20:18:09,75.52,9
2021-10-03 20:18:11,75.52,2
2021-10-03 20:18:14,75.52,2
2021-10-03 20:18:20,75.53,9
2021-10-03 20:18:25,75.54,1
2021-10-03 20:18:26,75.53,1
2021-10-03 20:18:27,75.53,1
2021-10-03 20:18:29,75.53,5
2021-10-03 20:18:31,75.53,12
2021-10-03 20:18:38,75.52,2
2021-10-03 20:18:38,75.53,9
2021-10-03 20:18:44,75.54,1
2021-10-03 20:18:46,75.53,2
2021-10-03 20:18:48,75.53,1
2021-10-03 20:18:52,75.53,2
2021-10-03 20:18:54,75.53,2
2021-10-03 20:18:55,75.53,1
2021-10-03 20:18:58,75.53,1
2021-10-03 20:18:59,75.53,1
2021-10-03 20:19:00,75.53,1
2021-10-03 20:19:00,75.52,5
2021-10-03 20:19:01,75.52,1
2021-10-03 20:19:02,75.52,2
2021-10-03 20:19:03,75.52,1
2021-10-03 20:19:05,75.52,2
2021-10-03 20:19:09,75.52,1
2021-10-03 20:19:12,75.52,1
2021-10-03 20:19:13,75.51,9
2021-10-03 20:19:13,75.5,7
2021-10-03 20:19:13,75.51,1
2021-10-03 20:19:13,75.5,18
2021-10-03 20:19:13,75.51,3
2021-10-03 20:19:13,75.5,1
2021-10-03 20:19:14,75.51,14
2021-10-03 20:19:15,75.51,4
2021-10-03 20:19:17,75.51,1
2021-10-03 20:19:19,75.51,1
2021-10-03 20:19:20,75.52,1
2021-10-03 20:19:20,75.51,1
2021-10-03 20:19:23,75.52,1
2021-10-03 20:19:26,75.52,5
2021-10-03 20:19:26,75.53,6
2021-10-03 20:19:26,75.54,8
2021-10-03 20:19:26,75.55,16
2021-10-03 20:19:27,75.54,1
2021-10-03 20:19:27,75.55,1
2021-10-03 20:19:29,75.55,2
2021-10-03 20:19:30,75.56,2
2021-10-03 20:19:31,75.56,1
2021-10-03 20:19:31,75.57,1
2021-10-03 20:19:33,75.57,2
2021-10-03 20:19:33,75.56,5
2021-10-03 20:19:33,75.55,5
2021-10-03 20:19:33,75.56,2
2021-10-03 20:19:39,75.56,1
2021-10-03 20:19:48,75.56,5
2021-10-03 20:19:57,75.55,3
2021-10-03 20:20:08,75.55,1
2021-10-03 20:20:09,75.55,1
2021-10-03 20:20:09,75.54,1
2021-10-03 20:20:18,75.55,3
2021-10-03 20:20:20,75.56,2
2021-10-03 20:20:22,75.57,1
2021-10-03 20:20:23,75.57,4
2021-10-03 20:20:24,75.57,1
2021-10-03 20:20:26,75.56,2
2021-10-03 20:20:30,75.57,5
2021-10-03 20:20:37,75.57,2
2021-10-03 20:20:41,75.57,1
2021-10-03 20:20:44,75.57,2
2021-10-03 20:20:49,75.57,5
2021-10-03 20:20:51,75.57,1
2021-10-03 20:21:02,75.56,9
2021-10-03 20:21:07,75.56,3
2021-10-03 20:21:08,75.57,1
2021-10-03 20:21:12,75.57,1
2021-10-03 20:21:13,75.57,2
2021-10-03 20:21:16,75.57,1
2021-10-03 20:21:22,75.57,1
2021-10-03 20:21:27,75.57,1
2021-10-03 20:21:38,75.57,1
2021-10-03 20:21:39,75.57,2
2021-10-03 20:21:41,75.57,2
2021-10-03 20:21:46,75.57,3
2021-10-03 20:21:49,75.57,3
2021-10-03 20:21:52,75.57,2
2021-10-03 20:21:59,75.58,4
2021-10-03 20:22:01,75.57,5
2021-10-03 20:22:09,75.57,1
2021-10-03 20:22:10,75.58,3
2021-10-03 20:22:12,75.59,1
2021-10-03 20:22:14,75.59,5
2021-10-03 20:22:16,75.59,1
2021-10-03 20:22:17,75.59,5
2021-10-03 20:22:19,75.6,12
2021-10-03 20:22:20,75.6,3
2021-10-03 20:22:20,75.61,22
2021-10-03 20:22:23,75.6,2
2021-10-03 20:22:28,75.6,3
2021-10-03 20:22:31,75.6,5
2021-10-03 20:22:33,75.59,5
2021-10-03 20:22:42,75.58,1
2021-10-03 20:22:43,75.58,3
2021-10-03 20:22:50,75.59,2
2021-10-03 20:22:54,75.6,1
2021-10-03 20:23:04,75.59,1
2021-10-03 20:23:12,75.58,1
2021-10-03 20:23:13,75.59,4
2021-10-03 20:23:14,75.6,3
2021-10-03 20:23:16,75.6,1
2021-10-03 20:23:16,75.61,2
2021-10-03 20:23:17,75.6,1
2021-10-03 20:23:18,75.6,3
2021-10-03 20:23:25,75.6,1
2021-10-03 20:23:29,75.6,3
2021-10-03 20:23:32,75.59,2
2021-10-03 20:23:47,75.59,9
2021-10-03 20:23:49,75.59,1
2021-10-03 20:23:51,75.59,2
2021-10-03 20:23:58,75.6,1
2021-10-03 20:24:02,75.59,1
2021-10-03 20:24:08,75.59,5
2021-10-03 20:24:10,75.59,5
2021-10-03 20:24:12,75.59,1
2021-10-03 20:24:14,75.6,1
2021-10-03 20:24:21,75.6,3
2021-10-03 20:24:21,75.61,4
2021-10-03 20:24:21,75.62,10
2021-10-03 20:24:21,75.63,3
2021-10-03 20:24:21,75.62,4
2021-10-03 20:24:31,75.61,3
2021-10-03 20:24:33,75.6,1
2021-10-03 20:24:33,75.61,2
2021-10-03 20:24:39,75.61,2
2021-10-03 20:24:43,75.6,2
2021-10-03 20:24:47,75.6,1
2021-10-03 20:25:03,75.6,1
2021-10-03 20:25:13,75.59,1
2021-10-03 20:25:14,75.6,2
2021-10-03 20:25:14,75.59,2
2021-10-03 20:25:16,75.6,9
2021-10-03 20:25:16,75.61,13
2021-10-03 20:25:17,75.62,1
2021-10-03 20:25:19,75.62,6
2021-10-03 20:25:30,75.62,5
2021-10-03 20:25:32,75.62,2
2021-10-03 20:25:38,75.62,1
2021-10-03 20:25:39,75.63,8
2021-10-03 20:25:42,75.63,3
2021-10-03 20:25:46,75.63,5
2021-10-03 20:25:47,75.63,5
2021-10-03 20:25:51,75.63,3
2021-10-03 20:25:51,75.64,1
2021-10-03 20:25:51,75.63,2
2021-10-03 20:25:52,75.63,1
2021-10-03 20:25:52,75.64,15
2021-10-03 20:25:55,75.64,2
2021-10-03 20:25:56,75.65,4
2021-10-03 20:25:56,75.64,1
2021-10-03 20:25:56,75.65,1
2021-10-03 20:25:59,75.64,7
2021-10-03 20:25:59,75.63,2
2021-10-03 20:26:00,75.63,1
2021-10-03 20:26:02,75.63,1
2021-10-03 20:26:12,75.62,40
2021-10-03 20:26:12,75.61,15
2021-10-03 20:26:12,75.62,1
2021-10-03 20:26:15,75.63,7
2021-10-03 20:26:15,75.62,1
2021-10-03 20:26:22,75.63,1
2021-10-03 20:26:26,75.64,2
2021-10-03 20:26:28,75.63,1
2021-10-03 20:26:37,75.63,1
2021-10-03 20:26:41,75.64,1
2021-10-03 20:26:44,75.64,1
2021-10-03 20:26:48,75.64,1
2021-10-03 20:26:49,75.64,1
2021-10-03 20:26:52,75.63,2
2021-10-03 20:26:52,75.62,3
2021-10-03 20:26:56,75.61,1
2021-10-03 20:27:01,75.61,1
2021-10-03 20:27:18,75.61,4
2021-10-03 20:27:33,75.61,1
2021-10-03 20:27:38,75.61,3
2021-10-03 20:27:44,75.61,3
2021-10-03 20:27:48,75.61,8
2021-10-03 20:27:49,75.61,2
2021-10-03 20:27:53,75.6,2
2021-10-03 20:27:54,75.59,1
2021-10-03 20:28:00,75.6,4
2021-10-03 20:28:04,75.61,5
2021-10-03 20:28:04,75.62,1
2021-10-03 20:28:04,75.61,1
2021-10-03 20:28:06,75.61,1
2021-10-03 20:28:09,75.6,1
2021-10-03 20:28:11,75.6,2
2021-10-03 20:28:13,75.61,4
2021-10-03 20:28:16,75.61,1
2021-10-03 20:28:37,75.6,6
2021-10-03 20:28:37,75.59,13
2021-10-03 20:28:37,75.58,17
2021-10-03 20:28:37,75.6,2
2021-10-03 20:28:37,75.59,1
2021-10-03 20:28:37,75.58,8
2021-10-03 20:28:38,75.58,9
2021-10-03 20:28:38,75.57,1
2021-10-03 20:28:39,75.58,5
2021-10-03 20:28:39,75.59,2
2021-10-03 20:28:41,75.59,1
2021-10-03 20:28:42,75.59,3
2021-10-03 20:28:52,75.59,2
2021-10-03 20:29:10,75.59,19
2021-10-03 20:29:20,75.59,6
2021-10-03 20:29:27,75.58,4
2021-10-03 20:29:28,75.57,1
2021-10-03 20:29:33,75.58,1
2021-10-03 20:29:38,75.58,1
2021-10-03 20:29:41,75.58,1
2021-10-03 20:29:43,75.58,1
2021-10-03 20:29:46,75.58,1
2021-10-03 20:29:54,75.58,4
2021-10-03 20:29:57,75.57,1
2021-10-03 20:30:03,75.59,3
2021-10-03 20:30:06,75.59,1
2021-10-03 20:30:07,75.59,1
2021-10-03 20:30:19,75.59,3
2021-10-03 20:30:32,75.59,1
2021-10-03 20:30:34,75.59,2
2021-10-03 20:30:38,75.59,10
2021-10-03 20:30:38,75.6,4
2021-10-03 20:30:41,75.6,4
2021-10-03 20:30:42,75.6,3
2021-10-03 20:30:44,75.61,1
2021-10-03 20:30:44,75.6,5
2021-10-03 20:30:45,75.59,3
2021-10-03 20:30:45,75.58,17
2021-10-03 20:30:48,75.58,2
2021-10-03 20:30:51,75.57,1
2021-10-03 20:30:52,75.57,1
2021-10-03 20:30:53,75.58,1
2021-10-03 20:30:54,75.58,1
2021-10-03 20:30:55,75.57,1
2021-10-03 20:30:57,75.57,4
2021-10-03 20:31:00,75.57,1
2021-10-03 20:31:03,75.57,2
2021-10-03 20:31:04,75.58,1
2021-10-03 20:31:06,75.57,1
2021-10-03 20:31:12,75.57,1
2021-10-03 20:31:20,75.57,2
2021-10-03 20:31:21,75.57,1
2021-10-03 20:31:23,75.58,29
2021-10-03 20:31:27,75.59,3
2021-10-03 20:31:30,75.58,2
2021-10-03 20:31:44,75.59,2
2021-10-03 20:31:45,75.6,1
2021-10-03 20:31:47,75.6,2
2021-10-03 20:31:48,75.61,1
2021-10-03 20:31:55,75.62,3
2021-10-03 20:31:58,75.62,4
2021-10-03 20:31:58,75.63,6
2021-10-03 20:31:58,75.64,1
2021-10-03 20:31:58,75.63,7
2021-10-03 20:31:59,75.63,5
2021-10-03 20:32:00,75.62,1
2021-10-03 20:32:01,75.63,5
2021-10-03 20:32:05,75.64,2
2021-10-03 20:32:10,75.64,3
2021-10-03 20:32:10,75.65,48
2021-10-03 20:32:10,75.66,8
2021-10-03 20:32:10,75.67,2
2021-10-03 20:32:10,75.66,15
2021-10-03 20:32:10,75.67,2
2021-10-03 20:32:10,75.66,1
2021-10-03 20:32:11,75.65,11
2021-10-03 20:32:14,75.65,1
2021-10-03 20:32:20,75.65,1
2021-10-03 20:32:23,75.66,3
2021-10-03 20:32:23,75.67,2
2021-10-03 20:32:26,75.67,2
2021-10-03 20:32:27,75.67,8
2021-10-03 20:32:32,75.67,1
2021-10-03 20:32:33,75.66,1
2021-10-03 20:32:35,75.66,3
2021-10-03 20:32:36,75.66,3
2021-10-03 20:32:39,75.66,1
2021-10-03 20:32:40,75.66,1
2021-10-03 20:32:45,75.66,1
2021-10-03 20:32:49,75.66,2
2021-10-03 20:32:58,75.65,1
2021-10-03 20:33:01,75.65,3
2021-10-03 20:33:03,75.64,2
2021-10-03 20:33:07,75.65,2
2021-10-03 20:33:11,75.65,1
2021-10-03 20:33:16,75.65,1
2021-10-03 20:33:38,75.64,4
2021-10-03 20:33:43,75.63,3
2021-10-03 20:33:44,75.63,1
2021-10-03 20:33:56,75.63,1
2021-10-03 20:34:01,75.63,1
2021-10-03 20:34:06,75.64,4
2021-10-03 20:34:07,75.65,3
2021-10-03 20:34:17,75.65,1
2021-10-03 20:34:18,75.65,1
2021-10-03 20:34:21,75.65,4
2021-10-03 20:34:22,75.66,1
2021-10-03 20:34:25,75.65,1
2021-10-03 20:34:27,75.65,5
2021-10-03 20:34:32,75.65,1
2021-10-03 20:34:33,75.64,3
2021-10-03 20:34:39,75.64,2
2021-10-03 20:34:40,75.65,5
2021-10-03 20:34:40,75.64,3
2021-10-03 20:34:46,75.64,1
2021-10-03 20:34:47,75.64,2
2021-10-03 20:34:51,75.64,2
2021-10-03 20:34:58,75.63,2
2021-10-03 20:35:02,75.63,3
2021-10-03 20:35:05,75.64,2
2021-10-03 20:35:15,75.65,2
2021-10-03 20:35:19,75.65,1
2021-10-03 20:35:24,75.65,1
2021-10-03 20:35:24,75.66,4
2021-10-03 20:35:24,75.67,6
2021-10-03 20:35:24,75.68,8
2021-10-03 20:35:24,75.69,4
2021-10-03 20:35:24,75.67,1
2021-10-03 20:35:24,75.68,11
2021-10-03 20:35:24,75.69,4
2021-10-03 20:35:24,75.7,4
2021-10-03 20:35:24,75.71,9
2021-10-03 20:35:25,75.71,4
2021-10-03 20:35:25,75.7,2
2021-10-03 20:35:25,75.69,14
2021-10-03 20:35:30,75.68,2
2021-10-03 20:35:31,75.67,1
2021-10-03 20:35:40,75.66,1
2021-10-03 20:35:45,75.65,3
2021-10-03 20:35:53,75.65,1
2021-10-03 20:35:57,75.65,4
2021-10-03 20:36:01,75.65,1
2021-10-03 20:36:02,75.64,1
2021-10-03 20:36:10,75.64,1
2021-10-03 20:36:14,75.64,2
2021-10-03 20:36:27,75.63,4
2021-10-03 20:36:27,75.62,46
2021-10-03 20:36:30,75.61,2
2021-10-03 20:36:31,75.62,3
2021-10-03 20:36:36,75.63,4
2021-10-03 20:36:39,75.63,2
2021-10-03 20:36:42,75.63,1
2021-10-03 20:36:43,75.63,2
2021-10-03 20:36:49,75.64,5
2021-10-03 20:37:08,75.64,1
2021-10-03 20:37:10,75.65,2
2021-10-03 20:37:11,75.65,3
2021-10-03 20:37:29,75.65,1
2021-10-03 20:37:48,75.64,2
2021-10-03 20:37:51,75.63,3
2021-10-03 20:38:00,75.63,1
2021-10-03 20:38:13,75.64,2
2021-10-03 20:38:13,75.65,1
2021-10-03 20:38:14,75.65,1
2021-10-03 20:38:42,75.66,1
2021-10-03 20:38:42,75.65,1
2021-10-03 20:39:01,75.65,1
2021-10-03 20:39:07,75.63,2
2021-10-03 20:39:09,75.63,2
2021-10-03 20:39:13,75.64,1
2021-10-03 20:39:19,75.64,1
2021-10-03 20:39:23,75.64,1
2021-10-03 20:39:23,75.65,2
2021-10-03 20:39:34,75.65,4
2021-10-03 20:39:40,75.66,3
2021-10-03 20:39:56,75.66,1
2021-10-03 20:39:58,75.66,1
2021-10-03 20:40:02,75.66,2
2021-10-03 20:40:12,75.66,2
2021-10-03 20:40:12,75.67,1
2021-10-03 20:40:14,75.67,4
2021-10-03 20:40:20,75.66,1
2021-10-03 20:40:20,75.65,1
2021-10-03 20:40:24,75.66,6
2021-10-03 20:40:32,75.66,2
2021-10-03 20:40:39,75.65,3
2021-10-03 20:40:42,75.65,1
2021-10-03 20:40:43,75.66,1
2021-10-03 20:40:44,75.65,1
2021-10-03 20:40:45,75.66,1
2021-10-03 20:40:46,75.66,1
2021-10-03 20:40:51,75.66,1
2021-10-03 20:40:59,75.65,1
2021-10-03 20:41:08,75.65,2
2021-10-03 20:41:10,75.65,1
2021-10-03 20:41:16,75.64,4
2021-10-03 20:41:22,75.64,1
2021-10-03 20:41:26,75.64,1
2021-10-03 20:41:27,75.65,1
2021-10-03 20:41:42,75.65,1
2021-10-03 20:41:45,75.66,3
2021-10-03 20:41:57,75.65,1
2021-10-03 20:41:59,75.66,1
2021-10-03 20:42:04,75.65,1
2021-10-03 20:42:08,75.65,1
2021-10-03 20:42:11,75.66,1
2021-10-03 20:42:13,75.67,1
2021-10-03 20:42:19,75.66,1
2021-10-03 20:42:19,75.65,3
2021-10-03 20:42:25,75.65,1
2021-10-03 20:42:33,75.65,1
2021-10-03 20:42:57,75.64,2
2021-10-03 20:43:10,75.65,6
2021-10-03 20:43:10,75.66,1
2021-10-03 20:43:14,75.65,1
2021-10-03 20:43:18,75.66,2
2021-10-03 20:43:23,75.66,1
2021-10-03 20:43:24,75.67,1
2021-10-03 20:43:44,75.68,2
2021-10-03 20:43:45,75.68,1
2021-10-03 20:43:48,75.68,2
2021-10-03 20:43:55,75.68,1
2021-10-03 20:43:56,75.68,7
2021-10-03 20:44:05,75.67,3
2021-10-03 20:44:13,75.66,2
2021-10-03 20:44:14,75.65,1
2021-10-03 20:44:15,75.65,1
2021-10-03 20:44:20,75.65,2
2021-10-03 20:44:27,75.66,4
2021-10-03 20:44:27,75.67,3
2021-10-03 20:44:28,75.66,2
2021-10-03 20:44:38,75.65,4
2021-10-03 20:44:43,75.65,11
2021-10-03 20:44:44,75.65,4
2021-10-03 20:44:44,75.64,1
2021-10-03 20:44:45,75.65,2
2021-10-03 20:44:48,75.66,2
2021-10-03 20:44:48,75.65,1
2021-10-03 20:44:55,75.64,4
2021-10-03 20:45:00,75.64,12
2021-10-03 20:45:03,75.64,5
2021-10-03 20:45:04,75.64,1
2021-10-03 20:45:05,75.63,1
2021-10-03 20:45:09,75.63,1
2021-10-03 20:45:11,75.64,1
2021-10-03 20:45:16,75.64,1
2021-10-03 20:45:19,75.64,1
2021-10-03 20:45:20,75.64,1
2021-10-03 20:45:21,75.65,6
2021-10-03 20:45:22,75.65,5
2021-10-03 20:45:23,75.65,1
2021-10-03 20:45:24,75.65,1
2021-10-03 20:45:28,75.66,2
2021-10-03 20:45:29,75.67,4
2021-10-03 20:45:29,75.66,4
2021-10-03 20:45:31,75.66,1
2021-10-03 20:45:38,75.65,2
2021-10-03 20:45:47,75.65,5
2021-10-03 20:45:52,75.65,4
2021-10-03 20:45:56,75.65,12
2021-10-03 20:45:59,75.64,7
2021-10-03 20:46:03,75.64,3
2021-10-03 20:46:11,75.64,1
2021-10-03 20:46:20,75.64,1
2021-10-03 20:46:40,75.64,1
2021-10-03 20:46:46,75.64,1
2021-10-03 20:46:48,75.65,5
2021-10-03 20:47:16,75.65,1
2021-10-03 20:47:18,75.64,1
2021-10-03 20:47:20,75.65,2
2021-10-03 20:47:22,75.66,2
2021-10-03 20:47:23,75.67,1
2021-10-03 20:47:27,75.66,1
2021-10-03 20:47:32,75.66,8
2021-10-03 20:47:35,75.65,1
2021-10-03 20:47:57,75.64,5
2021-10-03 20:47:59,75.64,1
2021-10-03 20:48:09,75.64,1
2021-10-03 20:48:12,75.64,1
2021-10-03 20:48:20,75.63,1
2021-10-03 20:48:31,75.63,1
2021-10-03 20:48:33,75.63,5
2021-10-03 20:48:34,75.63,2
2021-10-03 20:48:34,75.64,2
2021-10-03 20:48:37,75.65,3
2021-10-03 20:48:39,75.65,2
2021-10-03 20:48:44,75.66,2
2021-10-03 20:48:46,75.66,2
2021-10-03 20:48:47,75.65,6
2021-10-03 20:48:50,75.65,1
2021-10-03 20:48:56,75.66,3
2021-10-03 20:48:56,75.67,2
2021-10-03 20:48:57,75.66,3
2021-10-03 20:49:00,75.65,1
2021-10-03 20:49:01,75.65,2
2021-10-03 20:49:02,75.64,3
2021-10-03 20:49:12,75.64,1
2021-10-03 20:49:16,75.64,1
2021-10-03 20:49:17,75.63,1
2021-10-03 20:49:25,75.64,1
2021-10-03 20:49:29,75.65,1
2021-10-03 20:49:33,75.66,3
2021-10-03 20:49:39,75.65,1
2021-10-03 20:49:39,75.66,1
2021-10-03 20:49:51,75.66,2
2021-10-03 20:49:53,75.66,1
2021-10-03 20:50:01,75.66,7
2021-10-03 20:50:06,75.66,2
2021-10-03 20:50:21,75.66,1
2021-10-03 20:50:24,75.66,1
2021-10-03 20:50:26,75.66,2
2021-10-03 20:50:50,75.67,1
2021-10-03 20:50:51,75.66,1
2021-10-03 20:50:55,75.67,1
2021-10-03 20:51:00,75.66,1
2021-10-03 20:51:13,75.65,4
2021-10-03 20:51:17,75.65,1
2021-10-03 20:51:22,75.63,2
2021-10-03 20:51:23,75.63,2
2021-10-03 20:51:24,75.63,1
2021-10-03 20:51:26,75.63,1
2021-10-03 20:51:29,75.64,5
2021-10-03 20:51:32,75.63,1
2021-10-03 20:51:36,75.63,1
2021-10-03 20:51:41,75.63,1
2021-10-03 20:51:42,75.63,1
2021-10-03 20:51:45,75.63,1
2021-10-03 20:51:47,75.64,3
2021-10-03 20:51:48,75.64,7
2021-10-03 20:51:52,75.63,1
2021-10-03 20:51:54,75.63,1
2021-10-03 20:52:00,75.63,1
2021-10-03 20:52:07,75.63,1
2021-10-03 20:52:12,75.63,1
2021-10-03 20:52:14,75.63,2
2021-10-03 20:52:18,75.63,1
2021-10-03 20:52:35,75.62,1
2021-10-03 20:52:44,75.62,5
2021-10-03 20:52:44,75.61,3
2021-10-03 20:52:44,75.6,7
2021-10-03 20:52:44,75.61,9
2021-10-03 20:52:44,75.62,1
2021-10-03 20:52:51,75.61,4
2021-10-03 20:52:56,75.61,3
2021-10-03 20:53:00,75.61,1
2021-10-03 20:53:02,75.62,1
2021-10-03 20:53:05,75.6,1
2021-10-03 20:53:12,75.6,2
2021-10-03 20:53:13,75.6,4
2021-10-03 20:53:14,75.6,5
2021-10-03 20:53:15,75.6,1
2021-10-03 20:53:17,75.6,1
2021-10-03 20:53:20,75.59,8
2021-10-03 20:53:20,75.58,8
2021-10-03 20:53:21,75.59,1
2021-10-03 20:53:23,75.58,2
2021-10-03 20:53:25,75.59,1
2021-10-03 20:53:32,75.59,7
2021-10-03 20:53:37,75.6,13
2021-10-03 20:53:39,75.6,1
2021-10-03 20:53:40,75.61,3
2021-10-03 20:53:42,75.6,5
2021-10-03 20:53:42,75.59,18
2021-10-03 20:53:43,75.6,2
2021-10-03 20:53:48,75.59,7
2021-10-03 20:53:49,75.59,1
2021-10-03 20:53:56,75.6,2
2021-10-03 20:53:58,75.59,1
2021-10-03 20:54:00,75.59,1
2021-10-03 20:54:01,75.59,1
2021-10-03 20:54:04,75.58,4
2021-10-03 20:54:06,75.59,2
2021-10-03 20:54:10,75.58,6
2021-10-03 20:54:13,75.59,1
2021-10-03 20:54:13,75.58,2
2021-10-03 20:54:16,75.59,3
2021-10-03 20:54:18,75.6,3
2021-10-03 20:54:22,75.6,1
2021-10-03 20:54:31,75.6,2
2021-10-03 20:54:35,75.59,3
2021-10-03 20:54:38,75.59,2
2021-10-03 20:54:38,75.58,9
2021-10-03 20:54:39,75.58,3
2021-10-03 20:54:52,75.59,1
2021-10-03 20:54:53,75.6,1
2021-10-03 20:54:54,75.59,1
2021-10-03 20:54:56,75.6,5
2021-10-03 20:54:58,75.6,1
2021-10-03 20:54:59,75.59,2
2021-10-03 20:55:01,75.6,1
2021-10-03 20:55:02,75.6,2
2021-10-03 20:55:02,75.61,1
2021-10-03 20:55:06,75.6,8
2021-10-03 20:55:36,75.59,2
2021-10-03 20:55:37,75.59,1
2021-10-03 20:55:37,75.58,12
2021-10-03 20:55:41,75.58,1
2021-10-03 20:55:45,75.59,3
2021-10-03 20:55:45,75.6,2
2021-10-03 20:55:46,75.6,1
2021-10-03 20:55:50,75.59,1
2021-10-03 20:55:53,75.6,1
2021-10-03 20:55:57,75.59,8
2021-10-03 20:55:58,75.59,9
2021-10-03 20:56:01,75.58,4
2021-10-03 20:56:05,75.58,1
2021-10-03 20:56:05,75.57,2
2021-10-03 20:56:06,75.58,5
2021-10-03 20:56:06,75.59,3
2021-10-03 20:56:07,75.59,1
2021-10-03 20:56:08,75.59,8
2021-10-03 20:56:10,75.6,4
2021-10-03 20:56:13,75.6,1
2021-10-03 20:56:23,75.61,1
2021-10-03 20:56:26,75.61,1
2021-10-03 20:56:32,75.61,6
2021-10-03 20:56:43,75.62,3
2021-10-03 20:56:43,75.63,14
2021-10-03 20:56:43,75.64,10
2021-10-03 20:56:43,75.63,2
2021-10-03 20:56:46,75.62,7
2021-10-03 20:56:50,75.64,3
2021-10-03 20:56:55,75.63,5
2021-10-03 20:57:03,75.62,4
2021-10-03 20:57:04,75.62,1
2021-10-03 20:57:10,75.61,2
2021-10-03 20:57:32,75.62,2
2021-10-03 20:57:38,75.62,1
2021-10-03 20:57:40,75.63,1
2021-10-03 20:57:44,75.63,1
2021-10-03 20:57:49,75.62,3
2021-10-03 20:57:49,75.61,7
2021-10-03 20:57:51,75.61,1
2021-10-03 20:57:57,75.62,9
2021-10-03 20:57:57,75.61,5
2021-10-03 20:57:59,75.61,1
2021-10-03 20:58:01,75.62,4
2021-10-03 20:58:09,75.62,1
2021-10-03 20:58:13,75.63,2
2021-10-03 20:58:20,75.64,2
2021-10-03 20:58:32,75.64,1
2021-10-03 20:58:33,75.63,2
2021-10-03 20:58:34,75.62,2
2021-10-03 20:58:38,75.62,1
2021-10-03 20:58:48,75.62,7
2021-10-03 20:58:51,75.62,2
2021-10-03 20:58:53,75.62,1
2021-10-03 20:59:00,75.61,3
2021-10-03 20:59:00,75.6,4
2021-10-03 20:59:00,75.59,1
2021-10-03 20:59:01,75.59,1
2021-10-03 20:59:04,75.6,3
2021-10-03 20:59:21,75.6,2
2021-10-03 20:59:27,75.61,4
2021-10-03 20:59:34,75.6,2
2021-10-03 20:59:39,75.6,1
2021-10-03 20:59:44,75.6,2
2021-10-03 20:59:51,75.6,2
2021-10-03 21:00:03,75.61,3
2021-10-03 21:00:04,75.6,2
2021-10-03 21:00:04,75.59,3
2021-10-03 21:00:05,75.59,4
2021-10-03 21:00:05,75.58,4
2021-10-03 21:00:05,75.57,4
2021-10-03 21:00:07,75.57,13
2021-10-03 21:00:18,75.57,7
2021-10-03 21:00:42,75.57,5
2021-10-03 21:00:51,75.57,2
2021-10-03 21:00:53,75.58,9
2021-10-03 21:00:53,75.59,16
2021-10-03 21:00:53,75.6,42
2021-10-03 21:00:53,75.61,3
2021-10-03 21:00:53,75.62,1
2021-10-03 21:00:53,75.61,1
2021-10-03 21:00:54,75.62,1
2021-10-03 21:00:57,75.62,5
2021-10-03 21:01:04,75.63,13
2021-10-03 21:01:06,75.62,3
2021-10-03 21:01:07,75.61,7
2021-10-03 21:01:10,75.61,5
2021-10-03 21:01:10,75.62,11
2021-10-03 21:01:16,75.62,3
2021-10-03 21:01:16,75.63,10
2021-10-03 21:01:16,75.64,8
2021-10-03 21:01:18,75.65,21
2021-10-03 21:01:19,75.65,1
2021-10-03 21:01:20,75.65,2
2021-10-03 21:01:21,75.66,4
2021-10-03 21:01:21,75.65,1
2021-10-03 21:01:22,75.66,5
2021-10-03 21:01:23,75.66,1
2021-10-03 21:01:36,75.67,1
2021-10-03 21:01:38,75.67,1
2021-10-03 21:01:40,75.66,1
2021-10-03 21:01:45,75.67,13
2021-10-03 21:01:48,75.67,2
2021-10-03 21:01:52,75.67,1
2021-10-03 21:01:56,75.66,1
2021-10-03 21:01:58,75.66,3
2021-10-03 21:02:03,75.66,1
2021-10-03 21:02:06,75.66,1
2021-10-03 21:02:07,75.66,6
2021-10-03 21:02:16,75.65,1
2021-10-03 21:02:18,75.65,2
2021-10-03 21:02:19,75.65,17
2021-10-03 21:02:20,75.65,1
2021-10-03 21:02:21,75.65,4
2021-10-03 21:02:31,75.65,1
2021-10-03 21:02:33,75.65,5
2021-10-03 21:02:34,75.65,2
2021-10-03 21:02:36,75.64,3
2021-10-03 21:02:37,75.63,7
2021-10-03 21:02:42,75.62,10
2021-10-03 21:02:48,75.61,4
2021-10-03 21:02:48,75.62,9
2021-10-03 21:02:50,75.62,1
2021-10-03 21:02:50,75.63,1
2021-10-03 21:02:51,75.63,1
2021-10-03 21:02:52,75.64,2
2021-10-03 21:02:52,75.65,1
2021-10-03 21:02:52,75.64,3
2021-10-03 21:02:58,75.65,1
2021-10-03 21:03:08,75.65,1
2021-10-03 21:03:21,75.65,5
2021-10-03 21:03:26,75.64,2
2021-10-03 21:03:31,75.63,1
2021-10-03 21:03:37,75.63,1
2021-10-03 21:03:40,75.63,1
2021-10-03 21:03:52,75.62,1
2021-10-03 21:04:03,75.63,1
2021-10-03 21:04:05,75.62,2
2021-10-03 21:04:07,75.62,6
2021-10-03 21:04:07,75.61,7
2021-10-03 21:04:08,75.6,2
2021-10-03 21:04:10,75.6,2
2021-10-03 21:04:12,75.6,1
2021-10-03 21:04:13,75.6,2
2021-10-03 21:04:21,75.59,2
2021-10-03 21:04:26,75.59,2
2021-10-03 21:04:26,75.6,1
2021-10-03 21:04:32,75.59,9
2021-10-03 21:04:36,75.59,10
2021-10-03 21:04:37,75.59,2
2021-10-03 21:04:43,75.59,1
2021-10-03 21:04:44,75.59,1
2021-10-03 21:04:48,75.58,3
2021-10-03 21:04:51,75.57,1
2021-10-03 21:04:53,75.57,8
2021-10-03 21:05:00,75.56,6
2021-10-03 21:05:00,75.55,11
2021-10-03 21:05:01,75.56,7
2021-10-03 21:05:01,75.55,2
2021-10-03 21:05:06,75.56,6
2021-10-03 21:05:10,75.55,7
2021-10-03 21:05:14,75.55,1
2021-10-03 21:05:15,75.55,1
2021-10-03 21:05:16,75.55,1
2021-10-03 21:05:17,75.54,15
2021-10-03 21:05:17,75.55,1
2021-10-03 21:05:17,75.54,21
2021-10-03 21:05:17,75.55,1
2021-10-03 21:05:17,75.54,6
2021-10-03 21:05:20,75.55,6
2021-10-03 21:05:21,75.55,3
2021-10-03 21:05:21,75.54,1
2021-10-03 21:05:30,75.54,1
2021-10-03 21:05:32,75.54,3
2021-10-03 21:05:33,75.54,5
2021-10-03 21:05:34,75.53,2
2021-10-03 21:05:36,75.53,1
2021-10-03 21:05:42,75.54,1
2021-10-03 21:05:43,75.53,1
2021-10-03 21:05:47,75.54,1
2021-10-03 21:05:49,75.54,17
2021-10-03 21:05:53,75.54,4
2021-10-03 21:05:54,75.54,1
2021-10-03 21:05:54,75.55,7
2021-10-03 21:05:55,75.55,1
2021-10-03 21:05:58,75.54,6
2021-10-03 21:05:59,75.55,2
2021-10-03 21:06:01,75.54,1
2021-10-03 21:06:01,75.53,1
2021-10-03 21:06:04,75.54,8
2021-10-03 21:06:05,75.54,1
2021-10-03 21:06:06,75.53,1
2021-10-03 21:06:07,75.54,2
2021-10-03 21:06:09,75.54,1
2021-10-03 21:06:10,75.54,3
2021-10-03 21:06:14,75.55,1
2021-10-03 21:06:17,75.54,4
2021-10-03 21:06:19,75.54,1
2021-10-03 21:06:19,75.55,4
2021-10-03 21:06:23,75.55,3
2021-10-03 21:06:25,75.54,1
2021-10-03 21:06:30,75.54,1
2021-10-03 21:06:30,75.53,3
2021-10-03 21:06:32,75.54,3
2021-10-03 21:06:35,75.54,3
2021-10-03 21:06:49,75.56,1
2021-10-03 21:06:49,75.57,3
2021-10-03 21:06:50,75.57,1
2021-10-03 21:06:51,75.56,1
2021-10-03 21:06:54,75.56,2
2021-10-03 21:07:04,75.56,5
2021-10-03 21:07:06,75.55,9
2021-10-03 21:07:15,75.56,8
2021-10-03 21:07:19,75.55,1
2021-10-03 21:07:25,75.55,5
2021-10-03 21:07:40,75.55,2
2021-10-03 21:07:40,75.56,2
2021-10-03 21:07:45,75.55,8
2021-10-03 21:07:57,75.56,1
2021-10-03 21:08:01,75.55,3
2021-10-03 21:08:06,75.55,1
2021-10-03 21:08:06,75.54,5
2021-10-03 21:08:06,75.55,5
2021-10-03 21:08:11,75.54,1
2021-10-03 21:08:12,75.54,2
2021-10-03 21:08:15,75.54,2
2021-10-03 21:08:16,75.54,1
2021-10-03 21:08:18,75.53,1
2021-10-03 21:08:22,75.54,2
2021-10-03 21:08:23,75.55,9
2021-10-03 21:08:24,75.55,1
2021-10-03 21:08:27,75.56,1
2021-10-03 21:08:42,75.56,6
2021-10-03 21:08:44,75.55,1
2021-10-03 21:08:47,75.56,1
2021-10-03 21:08:51,75.56,1
2021-10-03 21:08:57,75.57,1
2021-10-03 21:09:00,75.57,2
2021-10-03 21:09:04,75.58,1
2021-10-03 21:09:13,75.57,3
2021-10-03 21:09:18,75.57,1
2021-10-03 21:09:29,75.56,1
2021-10-03 21:09:33,75.57,1
2021-10-03 21:09:36,75.57,2
2021-10-03 21:09:41,75.57,1
2021-10-03 21:09:43,75.57,1
2021-10-03 21:09:44,75.57,1
2021-10-03 21:09:44,75.56,1
2021-10-03 21:09:48,75.57,1
2021-10-03 21:10:02,75.56,5
2021-10-03 21:10:07,75.55,1
2021-10-03 21:10:08,75.55,1
2021-10-03 21:10:21,75.55,2
2021-10-03 21:10:27,75.55,3
2021-10-03 21:10:31,75.55,1
2021-10-03 21:10:33,75.55,1
2021-10-03 21:10:39,75.55,5
2021-10-03 21:10:49,75.55,1
2021-10-03 21:10:58,75.56,11
2021-10-03 21:11:02,75.57,3
2021-10-03 21:11:05,75.58,2
2021-10-03 21:11:13,75.57,3
2021-10-03 21:11:42,75.57,4
2021-10-03 21:11:48,75.57,1
2021-10-03 21:11:49,75.57,1
2021-10-03 21:11:51,75.57,1
2021-10-03 21:11:53,75.57,4
2021-10-03 21:12:03,75.58,10
2021-10-03 21:12:11,75.58,1
2021-10-03 21:12:14,75.58,10
2021-10-03 21:12:17,75.58,3
2021-10-03 21:12:20,75.57,1
2021-10-03 21:12:39,75.56,5
2021-10-03 21:12:43,75.56,4
2021-10-03 21:12:51,75.57,2
2021-10-03 21:12:52,75.57,2
2021-10-03 21:12:53,75.57,1
2021-10-03 21:12:58,75.56,1
2021-10-03 21:13:05,75.56,5
2021-10-03 21:13:20,75.57,7
2021-10-03 21:13:20,75.58,2
2021-10-03 21:13:32,75.59,4
2021-10-03 21:13:35,75.6,1
2021-10-03 21:13:56,75.6,1
2021-10-03 21:14:02,75.59,1
2021-10-03 21:14:09,75.6,1
2021-10-03 21:14:14,75.59,1
2021-10-03 21:14:15,75.6,7
2021-10-03 21:14:21,75.6,1
2021-10-03 21:14:22,75.6,1
2021-10-03 21:14:24,75.6,1
2021-10-03 21:14:27,75.6,1
2021-10-03 21:14:34,75.59,4
2021-10-03 21:14:36,75.6,1
2021-10-03 21:14:40,75.59,1
2021-10-03 21:14:41,75.6,10
2021-10-03 21:14:43,75.6,1
2021-10-03 21:14:51,75.6,5
2021-10-03 21:14:52,75.59,3
2021-10-03 21:14:52,75.6,1
2021-10-03 21:15:07,75.6,4
2021-10-03 21:15:12,75.61,8
2021-10-03 21:15:12,75.62,10
2021-10-03 21:15:12,75.61,5
2021-10-03 21:15:12,75.62,11
2021-10-03 21:15:12,75.63,1
2021-10-03 21:15:12,75.62,2
2021-10-03 21:15:13,75.63,1
2021-10-03 21:15:14,75.63,5
2021-10-03 21:15:15,75.63,5
2021-10-03 21:15:18,75.63,1
2021-10-03 21:15:21,75.62,7
2021-10-03 21:15:24,75.62,10
2021-10-03 21:15:25,75.63,7
2021-10-03 21:15:39,75.63,7
2021-10-03 21:15:39,75.64,1
2021-10-03 21:15:41,75.64,1
2021-10-03 21:15:42,75.64,5
2021-10-03 21:15:50,75.63,1
2021-10-03 21:15:51,75.63,1
2021-10-03 21:15:55,75.63,1
2021-10-03 21:15:57,75.63,4
2021-10-03 21:16:01,75.64,1
2021-10-03 21:16:06,75.64,2
2021-10-03 21:16:09,75.63,1
2021-10-03 21:16:28,75.63,4
2021-10-03 21:16:30,75.62,4
2021-10-03 21:16:31,75.61,1
2021-10-03 21:16:32,75.62,1
2021-10-03 21:16:33,75.63,3
2021-10-03 21:16:38,75.62,5
2021-10-03 21:16:38,75.63,2
2021-10-03 21:16:38,75.62,3
2021-10-03 21:16:40,75.62,3
2021-10-03 21:16:44,75.61,1
2021-10-03 21:17:05,75.62,3
2021-10-03 21:17:08,75.62,1
2021-10-03 21:17:10,75.61,8
2021-10-03 21:17:12,75.61,2
2021-10-03 21:17:20,75.61,1
2021-10-03 21:17:23,75.61,2
2021-10-03 21:17:28,75.61,1
2021-10-03 21:17:40,75.62,20
2021-10-03 21:17:41,75.62,5
2021-10-03 21:17:44,75.62,3
2021-10-03 21:17:51,75.61,6
2021-10-03 21:17:55,75.61,2
2021-10-03 21:18:14,75.62,3
2021-10-03 21:18:16,75.62,3
2021-10-03 21:18:23,75.62,10
2021-10-03 21:18:28,75.62,2
2021-10-03 21:18:33,75.61,1
2021-10-03 21:18:34,75.61,1
2021-10-03 21:18:36,75.61,1
2021-10-03 21:18:37,75.61,7
2021-10-03 21:18:38,75.61,1
2021-10-03 21:18:45,75.61,1
2021-10-03 21:18:54,75.61,5
2021-10-03 21:19:13,75.62,13
2021-10-03 21:19:14,75.63,1
2021-10-03 21:19:15,75.62,1
2021-10-03 21:19:19,75.62,1
2021-10-03 21:19:31,75.62,2
2021-10-03 21:19:32,75.61,1
2021-10-03 21:19:32,75.62,1
2021-10-03 21:19:34,75.61,2
2021-10-03 21:19:39,75.62,4
2021-10-03 21:19:44,75.63,1
2021-10-03 21:19:53,75.63,5
2021-10-03 21:19:54,75.63,1
2021-10-03 21:19:55,75.63,2
2021-10-03 21:19:58,75.63,1
2021-10-03 21:20:00,75.63,2
2021-10-03 21:20:05,75.63,1
2021-10-03 21:20:13,75.63,2
2021-10-03 21:20:16,75.63,1
2021-10-03 21:20:26,75.64,5
2021-10-03 21:20:29,75.65,1
2021-10-03 21:20:29,75.66,1
2021-10-03 21:20:29,75.65,16
2021-10-03 21:20:29,75.66,2
2021-10-03 21:20:30,75.66,1
2021-10-03 21:20:30,75.65,1
2021-10-03 21:20:32,75.65,2
2021-10-03 21:20:39,75.65,1
2021-10-03 21:20:41,75.66,5
2021-10-03 21:20:42,75.65,1
2021-10-03 21:20:45,75.66,9
2021-10-03 21:20:45,75.67,7
2021-10-03 21:20:49,75.67,1
2021-10-03 21:20:52,75.67,1
2021-10-03 21:20:53,75.67,5
2021-10-03 21:20:56,75.68,4
2021-10-03 21:20:56,75.69,3
2021-10-03 21:20:57,75.68,1
2021-10-03 21:20:57,75.69,1
2021-10-03 21:20:57,75.68,2
2021-10-03 21:21:02,75.68,4
2021-10-03 21:21:04,75.68,1
2021-10-03 21:21:05,75.69,4
2021-10-03 21:21:06,75.69,1
2021-10-03 21:21:08,75.69,1
2021-10-03 21:21:09,75.69,1
2021-10-03 21:21:10,75.68,3
2021-10-03 21:21:12,75.68,1
2021-10-03 21:21:19,75.68,4
2021-10-03 21:21:34,75.66,1
2021-10-03 21:21:44,75.66,1
2021-10-03 21:21:48,75.67,5
2021-10-03 21:21:50,75.67,2
2021-10-03 21:22:01,75.67,1
2021-10-03 21:22:06,75.68,3
2021-10-03 21:22:09,75.68,1
2021-10-03 21:22:13,75.68,2
2021-10-03 21:22:13,75.69,5
2021-10-03 21:22:14,75.69,1
2021-10-03 21:22:17,75.69,1
2021-10-03 21:22:23,75.68,1
2021-10-03 21:22:25,75.69,2
2021-10-03 21:22:27,75.69,1
2021-10-03 21:22:27,75.68,1
2021-10-03 21:22:32,75.69,3
2021-10-03 21:22:37,75.69,1
2021-10-03 21:22:39,75.69,1
2021-10-03 21:22:41,75.69,1
2021-10-03 21:22:43,75.69,2
2021-10-03 21:22:46,75.69,1
2021-10-03 21:22:49,75.69,1
2021-10-03 21:22:55,75.69,1
2021-10-03 21:23:00,75.69,1
2021-10-03 21:23:01,75.68,1
2021-10-03 21:23:09,75.69,5
2021-10-03 21:23:12,75.69,1
2021-10-03 21:23:15,75.69,1
2021-10-03 21:23:20,75.68,1
2021-10-03 21:23:38,75.69,1
2021-10-03 21:23:42,75.69,1
2021-10-03 21:23:45,75.7,23
2021-10-03 21:23:46,75.71,3
2021-10-03 21:23:46,75.7,1
2021-10-03 21:23:46,75.71,1
2021-10-03 21:23:47,75.71,1
2021-10-03 21:23:47,75.72,4
2021-10-03 21:23:47,75.71,1
2021-10-03 21:23:49,75.71,5
2021-10-03 21:23:49,75.72,4
2021-10-03 21:23:49,75.71,4
2021-10-03 21:23:51,75.72,4
2021-10-03 21:23:53,75.72,1
2021-10-03 21:23:54,75.72,2
2021-10-03 21:23:56,75.71,1
2021-10-03 21:23:59,75.72,2
2021-10-03 21:24:01,75.72,4
2021-10-03 21:24:03,75.72,6
2021-10-03 21:24:04,75.72,9
2021-10-03 21:24:04,75.73,1
2021-10-03 21:24:04,75.74,5
2021-10-03 21:24:04,75.73,5
2021-10-03 21:24:04,75.74,1
2021-10-03 21:24:05,75.74,1
2021-10-03 21:24:07,75.73,11
2021-10-03 21:24:07,75.72,1
2021-10-03 21:24:17,75.72,2
2021-10-03 21:24:20,75.72,1
2021-10-03 21:24:20,75.73,1
2021-10-03 21:24:21,75.73,2
2021-10-03 21:24:23,75.73,2
2021-10-03 21:24:31,75.73,1
2021-10-03 21:24:41,75.72,13
2021-10-03 21:24:41,75.71,10
2021-10-03 21:24:42,75.7,9
2021-10-03 21:24:58,75.71,1
2021-10-03 21:24:59,75.7,1
2021-10-03 21:25:03,75.7,7
2021-10-03 21:25:05,75.7,2
2021-10-03 21:25:08,75.7,1
2021-10-03 21:25:09,75.7,1
2021-10-03 21:25:20,75.69,5
2021-10-03 21:25:21,75.69,1
2021-10-03 21:25:23,75.69,1
2021-10-03 21:25:25,75.69,3
2021-10-03 21:25:29,75.69,1
2021-10-03 21:25:32,75.7,9
2021-10-03 21:25:33,75.71,7
2021-10-03 21:25:41,75.71,1
2021-10-03 21:25:41,75.7,1
2021-10-03 21:26:03,75.71,1
2021-10-03 21:26:03,75.7,1
2021-10-03 21:26:06,75.71,3
2021-10-03 21:26:12,75.71,4
2021-10-03 21:26:15,75.71,3
2021-10-03 21:26:16,75.71,4
2021-10-03 21:26:16,75.7,1
2021-10-03 21:26:19,75.71,1
2021-10-03 21:26:40,75.71,3
2021-10-03 21:26:46,75.72,1
2021-10-03 21:26:52,75.71,1
2021-10-03 21:26:53,75.71,1
2021-10-03 21:27:27,75.71,1
2021-10-03 21:27:40,75.71,1
2021-10-03 21:27:54,75.71,1
2021-10-03 21:28:00,75.72,8
2021-10-03 21:28:03,75.73,2
2021-10-03 21:28:07,75.73,1
2021-10-03 21:28:10,75.74,1
2021-10-03 21:28:14,75.74,6
2021-10-03 21:28:16,75.74,1
2021-10-03 21:28:24,75.75,8
2021-10-03 21:28:25,75.76,2
2021-10-03 21:28:25,75.74,1
2021-10-03 21:28:25,75.75,4
2021-10-03 21:28:25,75.76,5
2021-10-03 21:28:29,75.75,1
2021-10-03 21:28:31,75.76,1
2021-10-03 21:28:33,75.75,10
2021-10-03 21:28:33,75.74,8
2021-10-03 21:28:37,75.74,1
2021-10-03 21:28:38,75.73,1
2021-10-03 21:28:41,75.73,1
2021-10-03 21:28:48,75.73,10
2021-10-03 21:28:51,75.72,1
2021-10-03 21:28:54,75.72,2
2021-10-03 21:28:54,75.73,1
2021-10-03 21:28:55,75.73,1
2021-10-03 21:29:00,75.73,5
2021-10-03 21:29:02,75.73,2
2021-10-03 21:29:05,75.74,7
2021-10-03 21:29:11,75.73,1
2021-10-03 21:29:12,75.74,1
2021-10-03 21:29:17,75.73,7
2021-10-03 21:29:19,75.73,1
2021-10-03 21:29:21,75.73,4
2021-10-03 21:29:21,75.72,1
2021-10-03 21:29:22,75.73,2
2021-10-03 21:29:27,75.73,1
2021-10-03 21:29:30,75.72,1
2021-10-03 21:29:37,75.73,1
2021-10-03 21:29:47,75.72,3
2021-10-03 21:29:50,75.72,1
2021-10-03 21:29:52,75.73,4
2021-10-03 21:30:01,75.73,5
2021-10-03 21:30:06,75.73,1
2021-10-03 21:30:09,75.72,2
2021-10-03 21:30:13,75.72,1
2021-10-03 21:30:25,75.71,6
2021-10-03 21:30:25,75.7,1
2021-10-03 21:30:27,75.71,3
2021-10-03 21:30:28,75.7,5
2021-10-03 21:30:29,75.71,1
2021-10-03 21:30:30,75.71,1
2021-10-03 21:30:36,75.71,4
2021-10-03 21:30:40,75.71,1
2021-10-03 21:30:42,75.7,2
2021-10-03 21:30:45,75.7,2
2021-10-03 21:30:46,75.7,1
2021-10-03 21:30:47,75.7,1
2021-10-03 21:30:48,75.7,1
2021-10-03 21:30:49,75.7,1
2021-10-03 21:30:52,75.7,2
2021-10-03 21:30:53,75.7,1
2021-10-03 21:30:56,75.71,3
2021-10-03 21:31:06,75.72,2
2021-10-03 21:31:15,75.73,6
2021-10-03 21:31:17,75.74,15
2021-10-03 21:31:20,75.74,5
2021-10-03 21:31:32,75.73,2
2021-10-03 21:31:40,75.72,2
2021-10-03 21:31:41,75.72,4
2021-10-03 21:31:47,75.72,1
2021-10-03 21:31:47,75.73,2
2021-10-03 21:31:50,75.73,1
2021-10-03 21:32:01,75.72,2
2021-10-03 21:32:16,75.72,1
2021-10-03 21:32:28,75.72,1
2021-10-03 21:32:32,75.73,1
2021-10-03 21:32:49,75.72,2
2021-10-03 21:32:50,75.71,6
2021-10-03 21:32:52,75.71,1
2021-10-03 21:32:57,75.71,2
2021-10-03 21:33:01,75.72,1
2021-10-03 21:33:05,75.71,1
2021-10-03 21:33:13,75.71,3
2021-10-03 21:33:16,75.71,1
2021-10-03 21:33:16,75.72,1
2021-10-03 21:33:18,75.72,1
2021-10-03 21:33:20,75.73,1
2021-10-03 21:33:22,75.73,4
2021-10-03 21:33:22,75.72,1
2021-10-03 21:33:27,75.73,4
2021-10-03 21:33:31,75.73,1
2021-10-03 21:33:33,75.73,1
2021-10-03 21:33:39,75.73,3
2021-10-03 21:33:59,75.72,1
2021-10-03 21:34:24,75.71,2
2021-10-03 21:34:26,75.7,11
2021-10-03 21:34:30,75.7,1
2021-10-03 21:34:39,75.7,1
2021-10-03 21:34:43,75.7,1
2021-10-03 21:34:50,75.7,2
2021-10-03 21:34:53,75.69,2
2021-10-03 21:34:57,75.69,1
2021-10-03 21:34:58,75.69,1
2021-10-03 21:35:01,75.7,1
2021-10-03 21:35:02,75.7,1
2021-10-03 21:35:08,75.69,5
2021-10-03 21:35:13,75.7,1
2021-10-03 21:35:35,75.69,2
2021-10-03 21:35:36,75.68,1
2021-10-03 21:35:37,75.68,4
2021-10-03 21:35:37,75.67,2
2021-10-03 21:35:37,75.68,1
2021-10-03 21:35:38,75.67,1
2021-10-03 21:35:38,75.68,1
2021-10-03 21:35:41,75.68,2
2021-10-03 21:35:43,75.69,4
2021-10-03 21:35:43,75.67,1
2021-10-03 21:35:43,75.68,2
2021-10-03 21:35:45,75.68,1
2021-10-03 21:35:46,75.67,2
2021-10-03 21:35:46,75.68,1
2021-10-03 21:35:47,75.69,7
2021-10-03 21:35:47,75.68,1
2021-10-03 21:35:51,75.69,2
2021-10-03 21:35:54,75.68,1
2021-10-03 21:35:55,75.68,1
2021-10-03 21:36:00,75.69,1
2021-10-03 21:36:05,75.68,7
2021-10-03 21:36:06,75.68,1
2021-10-03 21:36:07,75.68,1
2021-10-03 21:36:17,75.68,6
2021-10-03 21:36:17,75.69,1
2021-10-03 21:36:18,75.69,1
2021-10-03 21:36:20,75.69,1
2021-10-03 21:36:30,75.68,2
2021-10-03 21:36:33,75.68,3
2021-10-03 21:36:36,75.68,2
2021-10-03 21:36:43,75.69,8
2021-10-03 21:36:44,75.69,6
2021-10-03 21:36:49,75.68,1
2021-10-03 21:36:54,75.69,1
2021-10-03 21:36:55,75.68,9
2021-10-03 21:36:57,75.68,2
2021-10-03 21:36:59,75.69,1
2021-10-03 21:37:00,75.69,2
2021-10-03 21:37:07,75.68,16
2021-10-03 21:37:11,75.67,1
2021-10-03 21:37:21,75.68,8
2021-10-03 21:37:30,75.68,3
2021-10-03 21:37:31,75.67,1
2021-10-03 21:37:31,75.68,2
2021-10-03 21:37:34,75.68,1
2021-10-03 21:37:35,75.68,2
2021-10-03 21:37:40,75.68,4
2021-10-03 21:37:57,75.68,1
2021-10-03 21:38:03,75.69,1
2021-10-03 21:38:07,75.69,3
2021-10-03 21:38:12,75.68,5
2021-10-03 21:38:14,75.67,9
2021-10-03 21:38:18,75.67,3
2021-10-03 21:38:19,75.66,2
2021-10-03 21:38:22,75.66,2
2021-10-03 21:38:22,75.65,1
2021-10-03 21:38:23,75.65,1
2021-10-03 21:38:28,75.66,2
2021-10-03 21:38:29,75.66,6
2021-10-03 21:38:30,75.65,2
2021-10-03 21:38:30,75.66,1
2021-10-03 21:38:31,75.66,1
2021-10-03 21:38:36,75.67,4
2021-10-03 21:38:37,75.66,3
2021-10-03 21:38:41,75.67,1
2021-10-03 21:38:43,75.67,1
2021-10-03 21:38:48,75.67,2
2021-10-03 21:38:55,75.67,1
2021-10-03 21:38:56,75.66,1
2021-10-03 21:39:01,75.67,1
2021-10-03 21:39:02,75.66,2
2021-10-03 21:39:03,75.66,8
2021-10-03 21:39:05,75.67,2
2021-10-03 21:39:12,75.66,2
2021-10-03 21:39:16,75.65,6
2021-10-03 21:39:17,75.64,2
2021-10-03 21:39:20,75.64,10
2021-10-03 21:39:25,75.65,12
2021-10-03 21:39:29,75.65,1
2021-10-03 21:39:31,75.64,1
2021-10-03 21:39:31,75.65,1
2021-10-03 21:39:33,75.65,1
2021-10-03 21:39:34,75.64,20
2021-10-03 21:39:34,75.63,1
2021-10-03 21:39:37,75.63,1
2021-10-03 21:39:40,75.63,5
2021-10-03 21:39:42,75.63,1
2021-10-03 21:39:44,75.64,4
2021-10-03 21:39:45,75.64,9
2021-10-03 21:39:51,75.64,2
2021-10-03 21:39:52,75.64,1
2021-10-03 21:39:54,75.64,1
2021-10-03 21:39:56,75.64,1
2021-10-03 21:39:57,75.65,3
2021-10-03 21:40:00,75.66,5
2021-10-03 21:40:00,75.65,20
2021-10-03 21:40:00,75.64,7
2021-10-03 21:40:02,75.64,1
2021-10-03 21:40:02,75.65,1
2021-10-03 21:40:04,75.64,3
2021-10-03 21:40:04,75.63,1
2021-10-03 21:40:04,75.64,1
2021-10-03 21:40:07,75.64,1
2021-10-03 21:40:16,75.63,1
2021-10-03 21:40:18,75.64,1
2021-10-03 21:40:19,75.64,1
2021-10-03 21:40:22,75.65,2
2021-10-03 21:40:23,75.65,4
2021-10-03 21:40:31,75.65,1
2021-10-03 21:40:37,75.64,1
2021-10-03 21:40:45,75.64,2
2021-10-03 21:41:00,75.63,1
2021-10-03 21:41:01,75.63,5
2021-10-03 21:41:03,75.63,6
2021-10-03 21:41:06,75.63,2
2021-10-03 21:41:11,75.62,4
2021-10-03 21:41:11,75.61,1
2021-10-03 21:41:14,75.62,6
2021-10-03 21:41:21,75.61,3
2021-10-03 21:41:23,75.61,3
2021-10-03 21:41:27,75.61,1
2021-10-03 21:41:27,75.6,1
2021-10-03 21:41:28,75.6,1
2021-10-03 21:41:30,75.6,1
2021-10-03 21:41:32,75.6,1
2021-10-03 21:41:33,75.61,1
2021-10-03 21:41:34,75.6,6
2021-10-03 21:41:37,75.59,2
2021-10-03 21:41:40,75.58,3
2021-10-03 21:41:41,75.58,4
2021-10-03 21:41:43,75.58,2
2021-10-03 21:41:45,75.58,1
2021-10-03 21:41:46,75.58,1
2021-10-03 21:41:46,75.57,2
2021-10-03 21:41:46,75.58,1
2021-10-03 21:41:47,75.57,1
2021-10-03 21:41:47,75.58,1
2021-10-03 21:41:47,75.57,10
2021-10-03 21:41:48,75.57,2
2021-10-03 21:41:48,75.56,12
2021-10-03 21:41:48,75.57,3
2021-10-03 21:41:48,75.56,1
2021-10-03 21:41:48,75.57,1
2021-10-03 21:41:51,75.57,1
2021-10-03 21:41:52,75.56,1
2021-10-03 21:41:54,75.57,4
2021-10-03 21:41:55,75.57,1
2021-10-03 21:41:56,75.57,1
2021-10-03 21:41:58,75.57,1
2021-10-03 21:41:59,75.56,1
