Date,Last,Volume
2021-10-03 18:00:00,48070.0,4
2021-10-03 18:00:00,48030.0,3
2021-10-03 18:00:01,48035.0,1
2021-10-03 18:00:01,48060.0,1
2021-10-03 18:00:02,47975.0,1
2021-10-03 18:00:05,48070.0,1
2021-10-03 18:00:05,48065.0,1
2021-10-03 18:00:05,48070.0,1
2021-10-03 18:00:06,48070.0,1
2021-10-03 18:00:06,48065.0,1
2021-10-03 18:00:06,48070.0,3
2021-10-03 18:00:06,48075.0,1
2021-10-03 18:00:07,48065.0,1
2021-10-03 18:00:07,48235.0,1
2021-10-03 18:00:09,48125.0,1
2021-10-03 18:00:09,48075.0,1
2021-10-03 18:00:09,48110.0,1
2021-10-03 18:00:11,48110.0,1
2021-10-03 18:00:16,48185.0,1
2021-10-03 18:00:16,48200.0,1
2021-10-03 18:00:16,48115.0,1
2021-10-03 18:00:16,48110.0,1
2021-10-03 18:00:17,48175.0,1
2021-10-03 18:00:18,48185.0,1
2021-10-03 18:00:18,48165.0,1
2021-10-03 18:00:21,48180.0,1
2021-10-03 18:00:24,48230.0,1
2021-10-03 18:00:25,48240.0,1
2021-10-03 18:00:25,48250.0,1
2021-10-03 18:00:25,48220.0,1
2021-10-03 18:00:28,48265.0,1
2021-10-03 18:00:30,48265.0,1
2021-10-03 18:00:32,48230.0,2
2021-10-03 18:00:32,48220.0,2
2021-10-03 18:00:32,48190.0,1
2021-10-03 18:00:34,48205.0,1
2021-10-03 18:00:35,48180.0,1
2021-10-03 18:00:35,48140.0,1
2021-10-03 18:00:36,48130.0,1
2021-10-03 18:00:36,48150.0,1
2021-10-03 18:00:37,48100.0,1
2021-10-03 18:00:41,48175.0,2
2021-10-03 18:00:41,48200.0,1
2021-10-03 18:00:43,48215.0,1
2021-10-03 18:00:43,48185.0,1
2021-10-03 18:00:49,48235.0,1
2021-10-03 18:00:49,48230.0,1
2021-10-03 18:01:50,48360.0,1
2021-10-03 18:01:52,48385.0,1
2021-10-03 18:01:52,48320.0,1
2021-10-03 18:01:52,48315.0,1
2021-10-03 18:01:53,48305.0,1
2021-10-03 18:01:53,48395.0,1
2021-10-03 18:01:59,48345.0,1
2021-10-03 18:02:00,48345.0,1
2021-10-03 18:02:00,48340.0,1
2021-10-03 18:02:00,48300.0,1
2021-10-03 18:02:00,48270.0,2
2021-10-03 18:02:02,48260.0,1
2021-10-03 18:02:02,48235.0,1
2021-10-03 18:02:02,48215.0,1
2021-10-03 18:02:18,48275.0,2
2021-10-03 18:02:20,48260.0,1
2021-10-03 18:02:57,48285.0,1
2021-10-03 18:03:12,48290.0,1
2021-10-03 18:03:23,48260.0,1
2021-10-03 18:03:23,48240.0,1
2021-10-03 18:03:28,48265.0,2
2021-10-03 18:03:52,48265.0,1
2021-10-03 18:04:15,48280.0,3
2021-10-03 18:04:17,48325.0,1
2021-10-03 18:04:19,48320.0,1
2021-10-03 18:04:21,48340.0,1
2021-10-03 18:04:31,48340.0,2
2021-10-03 18:04:46,48370.0,1
2021-10-03 18:04:50,48335.0,1
2021-10-03 18:04:50,48320.0,1
2021-10-03 18:04:50,48300.0,1
2021-10-03 18:05:07,48355.0,1
2021-10-03 18:05:08,48350.0,1
2021-10-03 18:05:09,48340.0,1
2021-10-03 18:05:15,48330.0,1
2021-10-03 18:05:18,48340.0,1
2021-10-03 18:05:35,48360.0,2
2021-10-03 18:05:35,48375.0,2
2021-10-03 18:06:38,48390.0,1
2021-10-03 18:06:55,48365.0,1
2021-10-03 18:07:01,48390.0,1
2021-10-03 18:07:04,48405.0,1
2021-10-03 18:08:13,48350.0,1
2021-10-03 18:09:31,48355.0,2
2021-10-03 18:09:36,48345.0,1
2021-10-03 18:10:15,48330.0,1
2021-10-03 18:10:24,48305.0,1
2021-10-03 18:10:25,48325.0,2
2021-10-03 18:10:44,48310.0,2
2021-10-03 18:12:18,48345.0,1
2021-10-03 18:13:27,48345.0,1
2021-10-03 18:14:09,48395.0,1
2021-10-03 18:14:57,48395.0,3
2021-10-03 18:15:04,48360.0,1
2021-10-03 18:15:20,48375.0,2
2021-10-03 18:15:25,48355.0,2
2021-10-03 18:15:25,48360.0,1
2021-10-03 18:15:25,48365.0,1
2021-10-03 18:15:25,48370.0,1
2021-10-03 18:15:25,48375.0,4
2021-10-03 18:15:25,48380.0,1
2021-10-03 18:15:29,48410.0,1
2021-10-03 18:15:34,48415.0,1
2021-10-03 18:15:36,48415.0,1
2021-10-03 18:15:36,48420.0,1
2021-10-03 18:15:37,48425.0,1
2021-10-03 18:15:40,48445.0,1
2021-10-03 18:15:40,48450.0,1
2021-10-03 18:15:40,48440.0,1
2021-10-03 18:15:42,48465.0,1
2021-10-03 18:15:45,48460.0,1
2021-10-03 18:15:46,48460.0,1
2021-10-03 18:15:55,48535.0,2
2021-10-03 18:15:55,48540.0,3
2021-10-03 18:15:55,48550.0,1
2021-10-03 18:15:56,48555.0,1
2021-10-03 18:15:57,48535.0,1
2021-10-03 18:15:59,48495.0,1
2021-10-03 18:16:01,48510.0,1
2021-10-03 18:16:05,48540.0,1
2021-10-03 18:16:49,48475.0,1
2021-10-03 18:16:49,48445.0,1
2021-10-03 18:16:55,48480.0,1
2021-10-03 18:17:05,48455.0,1
2021-10-03 18:17:12,48470.0,1
2021-10-03 18:17:14,48500.0,1
2021-10-03 18:17:23,48465.0,1
2021-10-03 18:17:36,48455.0,1
2021-10-03 18:17:41,48460.0,1
2021-10-03 18:17:41,48420.0,1
2021-10-03 18:18:17,48485.0,1
2021-10-03 18:18:17,48490.0,1
2021-10-03 18:18:28,48500.0,1
2021-10-03 18:19:08,48455.0,1
2021-10-03 18:19:45,48495.0,1
2021-10-03 18:19:45,48500.0,2
2021-10-03 18:19:46,48505.0,1
2021-10-03 18:19:50,48515.0,2
2021-10-03 18:20:30,48525.0,1
2021-10-03 18:20:30,48535.0,2
2021-10-03 18:20:30,48500.0,1
2021-10-03 18:20:32,48520.0,1
2021-10-03 18:20:42,48550.0,1
2021-10-03 18:20:42,48555.0,1
2021-10-03 18:20:47,48540.0,2
2021-10-03 18:20:47,48545.0,1
2021-10-03 18:21:29,48535.0,1
2021-10-03 18:21:35,48505.0,1
2021-10-03 18:21:35,48490.0,1
2021-10-03 18:21:35,48475.0,1
2021-10-03 18:21:35,48465.0,2
2021-10-03 18:22:36,48515.0,1
2021-10-03 18:25:19,48545.0,1
2021-10-03 18:25:23,48540.0,1
2021-10-03 18:26:11,48540.0,1
2021-10-03 18:26:42,48525.0,2
2021-10-03 18:27:33,48495.0,1
2021-10-03 18:28:58,48515.0,1
2021-10-03 18:29:08,48545.0,1
2021-10-03 18:29:08,48550.0,1
2021-10-03 18:33:12,48485.0,1
2021-10-03 18:33:12,48510.0,1
2021-10-03 18:33:12,48470.0,1
2021-10-03 18:33:12,48460.0,1
2021-10-03 18:33:12,48440.0,1
2021-10-03 18:33:12,48465.0,1
2021-10-03 18:34:49,48555.0,1
2021-10-03 18:38:20,48555.0,1
2021-10-03 18:39:02,48555.0,1
2021-10-03 18:40:32,48520.0,1
2021-10-03 18:40:32,48545.0,1
2021-10-03 18:40:42,48520.0,1
2021-10-03 18:40:42,48490.0,1
2021-10-03 18:40:42,48475.0,1
2021-10-03 18:40:42,48465.0,1
2021-10-03 18:40:59,48465.0,1
2021-10-03 18:42:36,48510.0,1
2021-10-03 18:42:57,48500.0,1
2021-10-03 18:43:44,48480.0,1
2021-10-03 18:46:06,48505.0,2
2021-10-03 18:46:06,48510.0,1
2021-10-03 18:46:17,48515.0,1
2021-10-03 18:46:45,48510.0,1
2021-10-03 18:47:17,48460.0,1
2021-10-03 18:47:17,48390.0,1
2021-10-03 18:47:17,48380.0,3
2021-10-03 18:47:17,48375.0,1
2021-10-03 18:47:17,48360.0,2
2021-10-03 18:47:17,48350.0,1
2021-10-03 18:47:17,48335.0,3
2021-10-03 18:47:17,48330.0,1
2021-10-03 18:47:17,48335.0,1
2021-10-03 18:47:17,48385.0,1
2021-10-03 18:47:17,48460.0,1
2021-10-03 18:47:17,48385.0,3
2021-10-03 18:47:17,48410.0,2
2021-10-03 18:47:17,48355.0,1
2021-10-03 18:47:17,48395.0,1
2021-10-03 18:47:18,48390.0,1
2021-10-03 18:47:23,48355.0,1
2021-10-03 18:47:24,48360.0,3
2021-10-03 18:47:36,48380.0,2
2021-10-03 18:47:39,48325.0,2
2021-10-03 18:47:39,48320.0,3
2021-10-03 18:47:39,48315.0,2
2021-10-03 18:47:39,48310.0,2
2021-10-03 18:47:39,48305.0,1
2021-10-03 18:47:40,48325.0,1
2021-10-03 18:47:40,48320.0,1
2021-10-03 18:47:40,48325.0,2
2021-10-03 18:47:58,48300.0,1
2021-10-03 18:49:45,48410.0,1
2021-10-03 18:51:23,48385.0,1
2021-10-03 18:51:23,48430.0,1
2021-10-03 18:52:15,48405.0,1
2021-10-03 18:52:15,48385.0,1
2021-10-03 18:52:15,48410.0,1
2021-10-03 18:52:56,48375.0,1
2021-10-03 18:54:22,48315.0,1
2021-10-03 18:54:25,48335.0,2
2021-10-03 18:54:25,48340.0,1
2021-10-03 18:55:11,48400.0,1
2021-10-03 18:56:17,48385.0,2
2021-10-03 18:57:11,48400.0,1
2021-10-03 18:57:12,48400.0,1
2021-10-03 19:00:05,48375.0,1
2021-10-03 19:00:05,48405.0,1
2021-10-03 19:00:11,48375.0,1
2021-10-03 19:00:52,48345.0,1
2021-10-03 19:02:13,48285.0,1
2021-10-03 19:02:16,48300.0,1
2021-10-03 19:03:01,48260.0,1
2021-10-03 19:03:01,48250.0,1
2021-10-03 19:03:50,48315.0,1
2021-10-03 19:08:59,48370.0,1
2021-10-03 19:08:59,48375.0,1
2021-10-03 19:11:30,48440.0,1
2021-10-03 19:11:30,48455.0,1
2021-10-03 19:11:31,48470.0,3
2021-10-03 19:12:26,48420.0,1
2021-10-03 19:13:05,48450.0,1
2021-10-03 19:14:34,48500.0,1
2021-10-03 19:14:52,48545.0,1
2021-10-03 19:14:52,48550.0,3
2021-10-03 19:14:57,48600.0,2
2021-10-03 19:15:15,48625.0,1
2021-10-03 19:15:18,48650.0,1
2021-10-03 19:15:18,48655.0,2
2021-10-03 19:15:36,48660.0,2
2021-10-03 19:15:41,48665.0,1
2021-10-03 19:16:07,48690.0,1
2021-10-03 19:16:34,48600.0,1
2021-10-03 19:16:52,48650.0,1
2021-10-03 19:16:52,48635.0,1
2021-10-03 19:19:55,48515.0,1
2021-10-03 19:21:26,48610.0,1
2021-10-03 19:21:26,48630.0,1
2021-10-03 19:21:27,48620.0,1
2021-10-03 19:21:48,48570.0,1
2021-10-03 19:21:48,48565.0,1
2021-10-03 19:21:56,48550.0,1
2021-10-03 19:21:59,48550.0,1
2021-10-03 19:23:41,48530.0,5
2021-10-03 19:23:49,48485.0,1
2021-10-03 19:23:50,48480.0,1
2021-10-03 19:24:30,48525.0,1
2021-10-03 19:25:12,48560.0,1
2021-10-03 19:25:15,48575.0,2
2021-10-03 19:27:18,48460.0,1
2021-10-03 19:33:55,48575.0,1
2021-10-03 19:33:55,48600.0,1
2021-10-03 19:38:11,48590.0,1
2021-10-03 19:41:17,48615.0,1
2021-10-03 19:41:17,48630.0,1
2021-10-03 19:41:19,48635.0,2
2021-10-03 19:41:27,48625.0,1
2021-10-03 19:42:03,48610.0,1
2021-10-03 19:44:05,48590.0,1
2021-10-03 19:44:55,48635.0,2
2021-10-03 19:44:55,48650.0,1
2021-10-03 19:45:33,48615.0,1
2021-10-03 19:48:42,48590.0,1
2021-10-03 19:49:30,48580.0,1
2021-10-03 19:49:56,48545.0,1
2021-10-03 19:50:12,48540.0,1
2021-10-03 19:51:28,48590.0,1
2021-10-03 19:52:16,48535.0,1
2021-10-03 19:54:33,48545.0,1
2021-10-03 19:56:02,48545.0,3
2021-10-03 19:56:02,48550.0,1
2021-10-03 19:56:02,48555.0,4
2021-10-03 19:56:02,48560.0,2
2021-10-03 19:56:03,48570.0,2
2021-10-03 19:56:04,48580.0,1
2021-10-03 19:56:04,48575.0,1
2021-10-03 19:56:28,48610.0,4
2021-10-03 19:56:28,48615.0,1
2021-10-03 19:57:05,48600.0,1
2021-10-03 19:57:05,48595.0,1
2021-10-03 19:57:11,48575.0,1
2021-10-03 19:57:11,48580.0,1
2021-10-03 20:00:14,48560.0,1
2021-10-03 20:00:14,48535.0,1
2021-10-03 20:01:00,48505.0,1
2021-10-03 20:01:00,48500.0,1
2021-10-03 20:01:00,48490.0,1
2021-10-03 20:01:04,48540.0,1
2021-10-03 20:01:04,48545.0,1
2021-10-03 20:02:19,48525.0,1
2021-10-03 20:02:19,48530.0,1
2021-10-03 20:02:19,48525.0,1
2021-10-03 20:02:28,48475.0,1
2021-10-03 20:02:37,48485.0,1
2021-10-03 20:04:23,48540.0,1
2021-10-03 20:04:24,48560.0,1
2021-10-03 20:04:54,48610.0,1
2021-10-03 20:05:58,48525.0,1
2021-10-03 20:05:58,48520.0,1
2021-10-03 20:07:00,48515.0,1
2021-10-03 20:08:06,48550.0,2
2021-10-03 20:08:06,48555.0,1
2021-10-03 20:08:56,48620.0,2
2021-10-03 20:09:07,48645.0,1
2021-10-03 20:09:07,48650.0,9
2021-10-03 20:09:07,48635.0,1
2021-10-03 20:09:07,48620.0,1
2021-10-03 20:09:37,48640.0,1
2021-10-03 20:09:37,48645.0,3
2021-10-03 20:09:43,48645.0,1
2021-10-03 20:09:44,48645.0,1
2021-10-03 20:10:33,48625.0,1
2021-10-03 20:10:34,48585.0,2
2021-10-03 20:10:34,48580.0,1
2021-10-03 20:10:35,48600.0,1
2021-10-03 20:10:35,48605.0,1
2021-10-03 20:11:02,48585.0,1
2021-10-03 20:12:51,48575.0,1
2021-10-03 20:13:01,48575.0,2
2021-10-03 20:14:05,48545.0,1
2021-10-03 20:14:05,48540.0,1
2021-10-03 20:14:28,48525.0,1
2021-10-03 20:15:47,48450.0,1
2021-10-03 20:16:13,48455.0,2
2021-10-03 20:16:17,48450.0,3
2021-10-03 20:17:12,48460.0,1
2021-10-03 20:18:52,48445.0,2
2021-10-03 20:19:39,48400.0,1
2021-10-03 20:22:00,48480.0,2
2021-10-03 20:22:15,48475.0,1
2021-10-03 20:22:45,48440.0,1
2021-10-03 20:22:45,48435.0,2
2021-10-03 20:22:56,48395.0,1
2021-10-03 20:22:56,48390.0,1
2021-10-03 20:24:01,48385.0,1
2021-10-03 20:24:01,48375.0,1
2021-10-03 20:24:09,48370.0,1
2021-10-03 20:24:09,48380.0,1
2021-10-03 20:24:29,48425.0,1
2021-10-03 20:24:29,48430.0,1
2021-10-03 20:24:29,48435.0,2
2021-10-03 20:24:29,48440.0,2
2021-10-03 20:24:29,48450.0,1
2021-10-03 20:24:29,48480.0,1
2021-10-03 20:24:32,48465.0,1
2021-10-03 20:25:34,48455.0,1
2021-10-03 20:25:34,48460.0,2
2021-10-03 20:27:54,48480.0,2
2021-10-03 20:34:45,48430.0,1
2021-10-03 20:34:53,48400.0,1
2021-10-03 20:35:09,48420.0,2
2021-10-03 20:41:28,48335.0,2
2021-10-03 20:41:28,48330.0,1
2021-10-03 20:41:28,48325.0,1
2021-10-03 20:41:28,48305.0,1
2021-10-03 20:41:34,48330.0,1
2021-10-03 20:41:34,48335.0,1
2021-10-03 20:41:50,48300.0,1
2021-10-03 20:42:25,48320.0,1
2021-10-03 20:42:57,48340.0,1
2021-10-03 20:43:14,48300.0,1
2021-10-03 20:44:15,48290.0,1
2021-10-03 20:44:53,48250.0,1
2021-10-03 20:44:53,48245.0,4
2021-10-03 20:44:53,48240.0,5
2021-10-03 20:44:53,48235.0,1
2021-10-03 20:44:53,48250.0,1
2021-10-03 20:44:53,48245.0,1
2021-10-03 20:44:54,48255.0,1
2021-10-03 20:44:56,48225.0,2
2021-10-03 20:44:58,48250.0,1
2021-10-03 20:45:13,48300.0,1
2021-10-03 20:45:18,48295.0,1
2021-10-03 20:47:11,48315.0,1
2021-10-03 20:47:26,48345.0,1
2021-10-03 20:53:04,48315.0,1
2021-10-03 20:53:04,48310.0,1
2021-10-03 20:54:05,48300.0,2
2021-10-03 20:54:05,48290.0,1
2021-10-03 20:55:19,48295.0,1
2021-10-03 20:55:19,48305.0,1
2021-10-03 20:55:19,48290.0,1
2021-10-03 20:55:19,48265.0,1
2021-10-03 20:55:19,48300.0,1
2021-10-03 20:55:46,48250.0,1
2021-10-03 20:56:54,48215.0,1
2021-10-03 20:56:54,48210.0,1
2021-10-03 20:56:55,48195.0,2
2021-10-03 20:56:58,48220.0,1
2021-10-03 20:58:06,48310.0,2
2021-10-03 20:58:06,48340.0,1
2021-10-03 20:58:58,48300.0,1
2021-10-03 20:59:01,48280.0,1
2021-10-03 20:59:09,48250.0,2
2021-10-03 20:59:42,48250.0,4
2021-10-03 20:59:43,48255.0,1
2021-10-03 21:00:15,48210.0,2
2021-10-03 21:00:17,48210.0,1
2021-10-03 21:00:31,48255.0,1
2021-10-03 21:00:31,48250.0,1
2021-10-03 21:00:39,48240.0,1
2021-10-03 21:00:39,48235.0,1
2021-10-03 21:00:39,48210.0,1
2021-10-03 21:01:34,48250.0,1
2021-10-03 21:02:42,48255.0,1
2021-10-03 21:04:55,48205.0,1
2021-10-03 21:04:58,48205.0,1
2021-10-03 21:05:10,48200.0,2
2021-10-03 21:05:11,48190.0,1
2021-10-03 21:05:12,48180.0,1
2021-10-03 21:05:36,48205.0,1
2021-10-03 21:05:36,48200.0,1
2021-10-03 21:06:11,48200.0,1
2021-10-03 21:06:11,48195.0,1
2021-10-03 21:06:26,48190.0,1
2021-10-03 21:06:29,48195.0,1
2021-10-03 21:06:41,48145.0,1
2021-10-03 21:06:43,48140.0,1
2021-10-03 21:07:20,48140.0,1
2021-10-03 21:07:27,48150.0,2
2021-10-03 21:07:37,48140.0,1
2021-10-03 21:08:46,48100.0,1
2021-10-03 21:09:08,48125.0,2
2021-10-03 21:09:08,48150.0,1
2021-10-03 21:09:53,48220.0,2
2021-10-03 21:10:55,48235.0,1
2021-10-03 21:11:00,48270.0,1
2021-10-03 21:11:00,48265.0,1
2021-10-03 21:11:00,48245.0,1
2021-10-03 21:11:59,48290.0,1
2021-10-03 21:11:59,48285.0,1
2021-10-03 21:12:21,48280.0,1
2021-10-03 21:15:21,48325.0,1
2021-10-03 21:15:21,48330.0,1
2021-10-03 21:15:22,48330.0,1
2021-10-03 21:15:52,48295.0,1
2021-10-03 21:15:52,48285.0,1
2021-10-03 21:16:07,48295.0,1
2021-10-03 21:16:07,48290.0,1
2021-10-03 21:16:07,48270.0,1
2021-10-03 21:17:12,48260.0,1
2021-10-03 21:17:34,48270.0,1
2021-10-03 21:19:59,48260.0,1
2021-10-03 21:19:59,48255.0,2
2021-10-03 21:20:25,48265.0,1
2021-10-03 21:20:25,48270.0,1
2021-10-03 21:21:28,48290.0,1
2021-10-03 21:21:28,48285.0,1
2021-10-03 21:22:49,48290.0,1
2021-10-03 21:22:49,48300.0,2
2021-10-03 21:23:00,48405.0,1
2021-10-03 21:23:00,48415.0,1
2021-10-03 21:23:57,48505.0,2
2021-10-03 21:24:58,48520.0,1
2021-10-03 21:26:27,48465.0,1
2021-10-03 21:26:27,48460.0,1
2021-10-03 21:28:35,48425.0,1
2021-10-03 21:28:35,48415.0,1
2021-10-03 21:29:29,48400.0,2
2021-10-03 21:29:29,48395.0,1
2021-10-03 21:30:01,48400.0,1
2021-10-03 21:31:26,48350.0,1
2021-10-03 21:31:47,48375.0,1
2021-10-03 21:31:47,48370.0,1
2021-10-03 21:32:12,48350.0,1
2021-10-03 21:32:32,48350.0,1
2021-10-03 21:32:32,48355.0,2
2021-10-03 21:32:57,48345.0,1
2021-10-03 21:37:07,48320.0,1
2021-10-03 21:37:07,48315.0,1
2021-10-03 21:37:12,48265.0,1
2021-10-03 21:37:12,48255.0,1
2021-10-03 21:37:12,48250.0,2
2021-10-03 21:37:12,48245.0,2
2021-10-03 21:37:13,48235.0,1
2021-10-03 21:38:09,48200.0,1
2021-10-03 21:38:14,48170.0,1
2021-10-03 21:39:02,48165.0,1
2021-10-03 21:39:24,48175.0,2
2021-10-03 21:41:28,48220.0,1
2021-10-03 21:41:28,48215.0,1
2021-10-03 21:41:28,48190.0,2
2021-10-03 21:44:13,48230.0,1
2021-10-03 21:46:33,48280.0,1
2021-10-03 21:46:33,48230.0,1
2021-10-03 21:46:33,48275.0,1
2021-10-03 21:48:59,48215.0,1
2021-10-03 21:49:30,48185.0,1
2021-10-03 21:50:37,48180.0,1
2021-10-03 21:52:07,48185.0,1
2021-10-03 21:52:07,48180.0,1
2021-10-03 21:55:09,48135.0,1
2021-10-03 21:55:09,48110.0,1
2021-10-03 21:55:42,48160.0,1
2021-10-03 21:55:42,48190.0,1
2021-10-03 21:58:38,48170.0,1
2021-10-03 21:58:43,48155.0,1
2021-10-03 21:59:04,48140.0,1
2021-10-03 21:59:59,48165.0,1
2021-10-03 21:59:59,48185.0,1
2021-10-03 22:00:44,48105.0,1
2021-10-03 22:00:52,48120.0,1
2021-10-03 22:01:04,48100.0,1
2021-10-03 22:01:47,48080.0,1
2021-10-03 22:02:06,48060.0,3
2021-10-03 22:02:30,48080.0,2
2021-10-03 22:04:28,48105.0,3
2021-10-03 22:04:37,48105.0,2
2021-10-03 22:05:21,48100.0,1
2021-10-03 22:06:42,48125.0,1
2021-10-03 22:06:49,48155.0,1
2021-10-03 22:07:02,48210.0,2
2021-10-03 22:07:03,48220.0,1
2021-10-03 22:07:05,48170.0,1
2021-10-03 22:07:35,48135.0,2
2021-10-03 22:07:37,48120.0,1
2021-10-03 22:07:38,48140.0,1
2021-10-03 22:08:07,48105.0,1
2021-10-03 22:08:07,48085.0,1
2021-10-03 22:09:26,48165.0,1
2021-10-03 22:10:54,48125.0,2
2021-10-03 22:10:54,48135.0,1
2021-10-03 22:11:37,48150.0,2
2021-10-03 22:12:04,48190.0,1
2021-10-03 22:12:06,48190.0,1
2021-10-03 22:12:47,48185.0,1
2021-10-03 22:13:27,48215.0,1
2021-10-03 22:13:30,48250.0,1
2021-10-03 22:20:04,48165.0,2
2021-10-03 22:20:31,48110.0,1
2021-10-03 22:20:31,48105.0,1
2021-10-03 22:20:31,48100.0,1
2021-10-03 22:20:31,48095.0,1
2021-10-03 22:20:31,48105.0,1
2021-10-03 22:20:32,48110.0,2
2021-10-03 22:20:33,48130.0,2
2021-10-03 22:22:02,48155.0,1
2021-10-03 22:25:11,48100.0,1
2021-10-03 22:25:11,48105.0,1
2021-10-03 22:25:11,48100.0,1
2021-10-03 22:25:11,48115.0,1
2021-10-03 22:25:20,48105.0,1
2021-10-03 22:25:43,48050.0,1
2021-10-03 22:26:07,48070.0,1
2021-10-03 22:26:21,48025.0,1
2021-10-03 22:26:21,48020.0,1
2021-10-03 22:26:21,48015.0,2
2021-10-03 22:26:31,48055.0,2
2021-10-03 22:26:37,48050.0,1
2021-10-03 22:29:30,48055.0,1
2021-10-03 22:29:39,48045.0,1
2021-10-03 22:30:03,48000.0,1
2021-10-03 22:30:04,47990.0,1
2021-10-03 22:30:04,47970.0,1
2021-10-03 22:30:04,47985.0,1
2021-10-03 22:30:05,47995.0,1
2021-10-03 22:30:13,47985.0,1
2021-10-03 22:30:34,48040.0,1
2021-10-03 22:30:34,48080.0,1
2021-10-03 22:31:48,48035.0,2
2021-10-03 22:32:39,48115.0,1
2021-10-03 22:33:13,48120.0,2
2021-10-03 22:35:03,48125.0,1
2021-10-03 22:36:14,48135.0,1
2021-10-03 22:37:37,48095.0,1
2021-10-03 22:38:33,48080.0,1
2021-10-03 22:39:57,48135.0,2
2021-10-03 22:42:08,48140.0,1
2021-10-03 22:42:08,48115.0,1
2021-10-03 22:43:35,48145.0,1
2021-10-03 22:51:15,48085.0,2
2021-10-03 22:51:15,48090.0,1
2021-10-03 22:51:15,48095.0,1
2021-10-03 22:52:13,48080.0,1
2021-10-03 22:52:53,48090.0,1
2021-10-03 22:55:03,48035.0,1
2021-10-03 22:55:33,48040.0,1
2021-10-03 22:58:12,47985.0,2
2021-10-03 22:58:12,47980.0,1
2021-10-03 22:58:39,47975.0,1
2021-10-03 22:58:39,47985.0,2
2021-10-03 22:58:50,47975.0,1
2021-10-03 22:58:53,47975.0,2
2021-10-03 22:59:13,47990.0,1
2021-10-03 22:59:13,47995.0,1
2021-10-03 23:00:28,48015.0,1
2021-10-03 23:00:28,47990.0,1
2021-10-03 23:01:03,47960.0,1
2021-10-03 23:01:32,47890.0,1
2021-10-03 23:01:34,47905.0,1
2021-10-03 23:01:45,47920.0,1
2021-10-03 23:02:21,47820.0,1
2021-10-03 23:02:21,47810.0,1
2021-10-03 23:02:21,47805.0,1
2021-10-03 23:02:21,47795.0,1
2021-10-03 23:02:23,47745.0,1
2021-10-03 23:02:26,47750.0,1
2021-10-03 23:02:28,47725.0,1
2021-10-03 23:02:28,47730.0,3
2021-10-03 23:02:28,47735.0,1
2021-10-03 23:02:29,47760.0,1
2021-10-03 23:02:32,47790.0,1
2021-10-03 23:02:32,47795.0,1
2021-10-03 23:02:33,47770.0,1
2021-10-03 23:02:37,47780.0,1
2021-10-03 23:02:38,47785.0,1
2021-10-03 23:02:39,47775.0,1
2021-10-03 23:03:00,47805.0,1
2021-10-03 23:03:00,47820.0,1
2021-10-03 23:03:02,47800.0,1
2021-10-03 23:03:02,47795.0,1
2021-10-03 23:03:32,47740.0,1
2021-10-03 23:03:36,47780.0,1
2021-10-03 23:03:36,47800.0,1
2021-10-03 23:03:37,47805.0,1
2021-10-03 23:03:38,47780.0,1
2021-10-03 23:03:45,47805.0,1
2021-10-03 23:05:36,47805.0,1
2021-10-03 23:05:58,47770.0,3
2021-10-03 23:05:59,47770.0,2
2021-10-03 23:07:45,47770.0,2
2021-10-03 23:07:54,47760.0,1
2021-10-03 23:08:11,47760.0,1
2021-10-03 23:08:34,47800.0,1
2021-10-03 23:08:43,47815.0,1
2021-10-03 23:10:29,47800.0,1
2021-10-03 23:10:29,47790.0,1
2021-10-03 23:10:33,47815.0,1
2021-10-03 23:11:57,47785.0,1
2021-10-03 23:11:58,47805.0,1
2021-10-03 23:12:01,47815.0,1
2021-10-03 23:18:04,47950.0,1
2021-10-03 23:18:04,47960.0,1
2021-10-03 23:18:54,47990.0,1
2021-10-03 23:21:48,48050.0,1
2021-10-03 23:21:48,48045.0,1
2021-10-03 23:21:48,48040.0,1
2021-10-03 23:21:48,48035.0,1
2021-10-03 23:22:26,48115.0,1
2021-10-03 23:22:26,48125.0,1
2021-10-03 23:22:30,48100.0,1
2021-10-03 23:23:23,48055.0,1
2021-10-03 23:27:51,48080.0,1
2021-10-03 23:27:51,48040.0,1
2021-10-03 23:28:05,48055.0,1
2021-10-03 23:29:19,48025.0,1
2021-10-03 23:30:28,48085.0,1
2021-10-03 23:30:42,48100.0,4
2021-10-03 23:31:23,48055.0,1
2021-10-03 23:31:23,48040.0,1
2021-10-03 23:31:24,48045.0,1
2021-10-03 23:32:28,48055.0,1
2021-10-03 23:32:33,48075.0,1
2021-10-03 23:33:27,48100.0,4
2021-10-03 23:33:47,48085.0,1
2021-10-03 23:33:48,48080.0,1
2021-10-03 23:33:48,48075.0,1
2021-10-03 23:33:48,48070.0,3
2021-10-03 23:37:16,48035.0,1
2021-10-03 23:38:22,48000.0,2
2021-10-03 23:46:57,47945.0,2
2021-10-03 23:46:57,47910.0,1
2021-10-03 23:47:42,47910.0,1
2021-10-03 23:47:56,47910.0,1
2021-10-03 23:49:52,47830.0,1
2021-10-03 23:49:52,47835.0,3
2021-10-03 23:53:03,47890.0,2
2021-10-03 23:53:03,47865.0,1
2021-10-03 23:55:57,47895.0,2
2021-10-03 23:56:36,47865.0,1
2021-10-03 23:56:53,47865.0,1
2021-10-03 23:58:10,47835.0,1
2021-10-03 23:58:10,47880.0,1
2021-10-04 00:01:00,47740.0,1
2021-10-04 00:01:34,47730.0,1
2021-10-04 00:01:43,47730.0,1
2021-10-04 00:03:18,47700.0,1
2021-10-04 00:03:35,47740.0,1
2021-10-04 00:03:35,47750.0,2
2021-10-04 00:03:35,47760.0,1
2021-10-04 00:03:59,47715.0,1
2021-10-04 00:03:59,47710.0,1
2021-10-04 00:04:21,47730.0,1
2021-10-04 00:05:09,47690.0,1
2021-10-04 00:05:09,47685.0,1
2021-10-04 00:05:15,47665.0,1
2021-10-04 00:05:20,47635.0,1
2021-10-04 00:05:40,47625.0,1
2021-10-04 00:06:17,47620.0,1
2021-10-04 00:06:44,47615.0,2
2021-10-04 00:06:53,47620.0,1
2021-10-04 00:07:08,47655.0,1
2021-10-04 00:07:12,47645.0,1
2021-10-04 00:07:13,47690.0,1
2021-10-04 00:07:20,47680.0,2
2021-10-04 00:07:50,47715.0,1
2021-10-04 00:09:40,47680.0,3
2021-10-04 00:11:03,47655.0,2
2021-10-04 00:11:03,47660.0,3
2021-10-04 00:11:03,47610.0,1
2021-10-04 00:12:53,47835.0,1
2021-10-04 00:12:53,47840.0,1
2021-10-04 00:12:53,47825.0,1
2021-10-04 00:16:46,47850.0,3
2021-10-04 00:16:47,47855.0,1
2021-10-04 00:16:48,47870.0,1
2021-10-04 00:16:48,47885.0,1
2021-10-04 00:19:18,47915.0,1
2021-10-04 00:20:12,47915.0,1
2021-10-04 00:20:24,47860.0,1
2021-10-04 00:20:26,47910.0,1
2021-10-04 00:21:00,47910.0,1
2021-10-04 00:22:24,47800.0,2
2021-10-04 00:23:22,47795.0,2
2021-10-04 00:23:22,47800.0,1
2021-10-04 00:24:40,47825.0,1
2021-10-04 00:25:01,47820.0,1
2021-10-04 00:25:40,47765.0,1
2021-10-04 00:27:59,47830.0,1
2021-10-04 00:28:05,47825.0,1
2021-10-04 00:28:05,47850.0,1
2021-10-04 00:28:41,47850.0,1
2021-10-04 00:28:49,47895.0,1
2021-10-04 00:29:21,47940.0,1
2021-10-04 00:29:42,47950.0,1
2021-10-04 00:29:48,47960.0,2
2021-10-04 00:30:21,47955.0,2
2021-10-04 00:30:21,47970.0,2
2021-10-04 00:30:22,48020.0,1
2021-10-04 00:30:36,47960.0,1
2021-10-04 00:31:25,47970.0,1
2021-10-04 00:31:30,47985.0,1
2021-10-04 00:32:14,48020.0,1
2021-10-04 00:32:34,48005.0,1
2021-10-04 00:37:05,48055.0,1
2021-10-04 00:37:05,48060.0,2
2021-10-04 00:40:58,48100.0,3
2021-10-04 00:40:58,48060.0,1
2021-10-04 00:41:08,48050.0,4
2021-10-04 00:42:20,48025.0,1
2021-10-04 00:42:20,48020.0,1
2021-10-04 00:42:22,48065.0,1
2021-10-04 00:42:30,48040.0,1
2021-10-04 00:43:08,48020.0,1
2021-10-04 00:43:09,48010.0,1
2021-10-04 00:44:49,48020.0,1
2021-10-04 00:44:49,48030.0,1
2021-10-04 00:44:49,48035.0,1
2021-10-04 00:45:27,48030.0,1
2021-10-04 00:45:48,48070.0,1
2021-10-04 00:49:53,48150.0,1
2021-10-04 00:49:53,48175.0,1
2021-10-04 00:49:53,48180.0,1
2021-10-04 00:51:32,48125.0,1
2021-10-04 00:51:32,48140.0,1
2021-10-04 00:52:17,48095.0,1
2021-10-04 00:55:40,48050.0,1
2021-10-04 00:59:21,48080.0,1
2021-10-04 01:01:28,48175.0,1
2021-10-04 01:03:20,48140.0,1
2021-10-04 01:06:00,48065.0,1
2021-10-04 01:06:00,48055.0,1
2021-10-04 01:06:28,48080.0,1
2021-10-04 01:09:03,48060.0,1
2021-10-04 01:09:18,48080.0,2
2021-10-04 01:10:55,48115.0,1
2021-10-04 01:14:36,48070.0,1
2021-10-04 01:20:47,48110.0,2
2021-10-04 01:20:47,48085.0,1
2021-10-04 01:21:44,48060.0,1
2021-10-04 01:21:44,48065.0,2
2021-10-04 01:22:32,48120.0,1
2021-10-04 01:37:42,48095.0,1
2021-10-04 01:37:42,48045.0,1
2021-10-04 01:40:18,48065.0,1
2021-10-04 01:40:18,48060.0,3
2021-10-04 01:40:18,48085.0,2
2021-10-04 01:40:18,48090.0,4
2021-10-04 01:40:18,48075.0,1
2021-10-04 01:40:38,48055.0,2
2021-10-04 01:40:44,48040.0,1
2021-10-04 01:40:45,48065.0,1
2021-10-04 01:40:46,48100.0,1
2021-10-04 01:55:20,48175.0,1
2021-10-04 01:55:20,48195.0,1
2021-10-04 01:55:35,48140.0,1
2021-10-04 02:01:20,48050.0,1
2021-10-04 02:01:20,48085.0,1
2021-10-04 02:02:20,48030.0,1
2021-10-04 02:03:28,48005.0,1
2021-10-04 02:03:36,48025.0,1
2021-10-04 02:03:49,48025.0,1
2021-10-04 02:04:12,48025.0,1
2021-10-04 02:04:31,47995.0,2
2021-10-04 02:04:45,48000.0,1
2021-10-04 02:07:13,47980.0,1
2021-10-04 02:07:13,48010.0,1
2021-10-04 02:12:11,47955.0,1
2021-10-04 02:15:26,47915.0,1
2021-10-04 02:16:04,47905.0,1
2021-10-04 02:22:17,47910.0,1
2021-10-04 02:22:17,47915.0,1
2021-10-04 02:23:03,47960.0,1
2021-10-04 02:26:16,47905.0,1
2021-10-04 02:26:39,47900.0,1
2021-10-04 02:27:43,47895.0,1
2021-10-04 02:31:37,47950.0,1
2021-10-04 02:32:50,48015.0,1
2021-10-04 02:34:14,48040.0,1
2021-10-04 02:38:15,48125.0,1
2021-10-04 02:38:15,48155.0,1
2021-10-04 02:38:19,48130.0,1
2021-10-04 02:38:33,48110.0,1
2021-10-04 02:38:41,48110.0,1
2021-10-04 02:43:04,48005.0,1
2021-10-04 02:43:04,47985.0,1
2021-10-04 02:47:46,47995.0,1
2021-10-04 02:47:46,48000.0,1
2021-10-04 02:47:46,47995.0,2
2021-10-04 02:48:30,48045.0,1
2021-10-04 02:48:45,48050.0,1
2021-10-04 02:49:29,48050.0,1
2021-10-04 02:49:29,48045.0,1
2021-10-04 02:49:29,48040.0,1
2021-10-04 02:49:29,48030.0,4
2021-10-04 02:49:38,48020.0,1
2021-10-04 02:50:03,48025.0,1
2021-10-04 02:54:51,48060.0,1
2021-10-04 02:54:51,48065.0,1
2021-10-04 02:54:52,48100.0,2
2021-10-04 02:56:43,48025.0,1
2021-10-04 03:00:31,47960.0,2
2021-10-04 03:00:43,47910.0,1
2021-10-04 03:00:43,47935.0,3
2021-10-04 03:01:45,47905.0,1
2021-10-04 03:02:51,47920.0,1
2021-10-04 03:03:02,47900.0,1
2021-10-04 03:03:31,47900.0,1
2021-10-04 03:03:43,47905.0,1
2021-10-04 03:04:00,47910.0,1
2021-10-04 03:06:08,47950.0,1
2021-10-04 03:06:08,47930.0,1
2021-10-04 03:06:08,47985.0,1
2021-10-04 03:07:34,47940.0,1
2021-10-04 03:08:17,47970.0,1
2021-10-04 03:09:36,47980.0,1
2021-10-04 03:10:08,48005.0,1
2021-10-04 03:10:13,48020.0,1
2021-10-04 03:10:34,48035.0,1
2021-10-04 03:11:31,48030.0,1
2021-10-04 03:12:34,48025.0,1
2021-10-04 03:13:15,48015.0,1
2021-10-04 03:16:23,48050.0,2
2021-10-04 03:16:23,48060.0,1
2021-10-04 03:16:24,48055.0,3
2021-10-04 03:16:39,48015.0,2
2021-10-04 03:19:34,48035.0,1
2021-10-04 03:20:28,48000.0,2
2021-10-04 03:21:50,47960.0,1
2021-10-04 03:23:52,47975.0,1
2021-10-04 03:23:52,47995.0,1
2021-10-04 03:23:52,48015.0,1
2021-10-04 03:23:52,48035.0,1
2021-10-04 03:27:30,48035.0,1
2021-10-04 03:27:44,48060.0,1
2021-10-04 03:37:23,48125.0,1
2021-10-04 03:37:23,48075.0,1
2021-10-04 03:38:22,48060.0,2
2021-10-04 03:41:49,48045.0,1
2021-10-04 03:43:19,48025.0,1
2021-10-04 03:43:32,48015.0,2
2021-10-04 03:43:37,48015.0,1
2021-10-04 03:43:44,48010.0,1
2021-10-04 03:44:52,48000.0,5
2021-10-04 03:45:06,47985.0,1
2021-10-04 03:45:20,48000.0,1
2021-10-04 03:45:41,48000.0,1
2021-10-04 03:46:24,47980.0,1
2021-10-04 03:46:28,47980.0,1
2021-10-04 03:47:10,47980.0,1
2021-10-04 03:47:10,47995.0,1
2021-10-04 03:49:06,48025.0,1
2021-10-04 03:50:37,48050.0,1
2021-10-04 03:51:37,48025.0,1
2021-10-04 03:56:40,48030.0,1
2021-10-04 04:01:02,48200.0,2
2021-10-04 04:01:03,48200.0,8
2021-10-04 04:01:10,48210.0,1
2021-10-04 04:01:11,48160.0,1
2021-10-04 04:01:11,48155.0,1
2021-10-04 04:02:47,48150.0,1
2021-10-04 04:03:21,48175.0,1
2021-10-04 04:03:36,48220.0,2
2021-10-04 04:03:38,48225.0,1
2021-10-04 04:03:38,48230.0,2
2021-10-04 04:03:58,48275.0,1
2021-10-04 04:04:21,48205.0,2
2021-10-04 04:04:44,48160.0,1
2021-10-04 04:10:20,48155.0,1
2021-10-04 04:10:20,48105.0,1
2021-10-04 04:12:44,48130.0,1
2021-10-04 04:13:08,48095.0,1
2021-10-04 04:14:20,48080.0,1
2021-10-04 04:14:25,48080.0,1
2021-10-04 04:18:26,48125.0,1
2021-10-04 04:22:29,48120.0,1
2021-10-04 04:23:06,48100.0,1
2021-10-04 04:23:14,48090.0,1
2021-10-04 04:24:00,48105.0,1
2021-10-04 04:25:56,48060.0,1
2021-10-04 04:26:39,48070.0,1
2021-10-04 04:27:40,48070.0,1
2021-10-04 04:29:13,48065.0,1
2021-10-04 04:29:39,48035.0,1
2021-10-04 04:29:39,48030.0,1
2021-10-04 04:29:39,48025.0,1
2021-10-04 04:29:39,48020.0,1
2021-10-04 04:29:48,48040.0,1
2021-10-04 04:29:51,48020.0,1
2021-10-04 04:33:45,47985.0,1
2021-10-04 04:33:58,47970.0,1
2021-10-04 04:34:33,47960.0,1
2021-10-04 04:35:48,47950.0,1
2021-10-04 04:37:19,47935.0,1
2021-10-04 04:37:29,47915.0,1
2021-10-04 04:37:58,47945.0,1
2021-10-04 04:37:58,47955.0,1
2021-10-04 04:37:58,47985.0,2
2021-10-04 04:37:59,47995.0,1
2021-10-04 04:38:51,47925.0,1
2021-10-04 04:38:51,47905.0,1
2021-10-04 04:38:51,47895.0,1
2021-10-04 04:38:51,47890.0,1
2021-10-04 04:38:51,47895.0,1
2021-10-04 04:38:51,47900.0,2
2021-10-04 04:38:51,47895.0,1
2021-10-04 04:39:14,47910.0,1
2021-10-04 04:39:56,47870.0,2
2021-10-04 04:40:02,47870.0,1
2021-10-04 04:40:05,47865.0,1
2021-10-04 04:40:38,47850.0,1
2021-10-04 04:41:21,47825.0,1
2021-10-04 04:43:06,47815.0,1
2021-10-04 04:44:36,47800.0,2
2021-10-04 04:44:40,47805.0,1
2021-10-04 04:45:13,47805.0,1
2021-10-04 04:45:37,47785.0,1
2021-10-04 04:47:22,47855.0,1
2021-10-04 04:47:37,47860.0,2
2021-10-04 04:47:41,47895.0,1
2021-10-04 04:52:17,47860.0,1
2021-10-04 04:52:21,47860.0,1
2021-10-04 04:52:31,47885.0,1
2021-10-04 04:52:32,47915.0,1
2021-10-04 04:52:32,47920.0,1
2021-10-04 04:52:32,47915.0,1
2021-10-04 04:52:32,47945.0,1
2021-10-04 04:52:32,47930.0,2
2021-10-04 04:52:32,47925.0,1
2021-10-04 04:52:59,47965.0,1
2021-10-04 04:53:14,47955.0,1
2021-10-04 04:55:12,47905.0,1
2021-10-04 04:55:53,47880.0,1
2021-10-04 04:55:53,47885.0,1
2021-10-04 04:57:01,47875.0,2
2021-10-04 04:59:01,47920.0,1
2021-10-04 04:59:51,47965.0,1
2021-10-04 05:00:28,47995.0,1
2021-10-04 05:01:02,48030.0,1
2021-10-04 05:01:11,47995.0,1
2021-10-04 05:01:22,48020.0,1
2021-10-04 05:03:51,47955.0,2
2021-10-04 05:06:41,47875.0,1
2021-10-04 05:07:01,47870.0,1
2021-10-04 05:07:42,47890.0,1
2021-10-04 05:08:23,47865.0,1
2021-10-04 05:09:21,47855.0,3
2021-10-04 05:09:21,47875.0,1
2021-10-04 05:09:21,47870.0,2
2021-10-04 05:14:42,47905.0,1
2021-10-04 05:14:42,47940.0,1
2021-10-04 05:14:49,47895.0,2
2021-10-04 05:14:49,47890.0,2
2021-10-04 05:14:49,47885.0,3
2021-10-04 05:14:49,47880.0,1
2021-10-04 05:15:13,47865.0,1
2021-10-04 05:20:12,47925.0,1
2021-10-04 05:20:12,47940.0,1
2021-10-04 05:23:19,47980.0,1
2021-10-04 05:33:04,48045.0,1
2021-10-04 05:33:04,48035.0,2
2021-10-04 05:33:16,48035.0,1
2021-10-04 05:34:18,48025.0,1
2021-10-04 05:35:36,47980.0,1
2021-10-04 05:35:36,47975.0,1
2021-10-04 05:41:08,47930.0,2
2021-10-04 05:41:08,47945.0,1
2021-10-04 05:42:31,47955.0,1
2021-10-04 05:47:57,48035.0,1
2021-10-04 05:50:18,48045.0,1
2021-10-04 05:50:18,48065.0,1
2021-10-04 05:51:48,48015.0,1
2021-10-04 05:57:56,47985.0,1
2021-10-04 06:06:20,48035.0,1
2021-10-04 06:13:25,47965.0,1
2021-10-04 06:13:25,47950.0,1
2021-10-04 06:15:48,47915.0,1
2021-10-04 06:17:27,47900.0,1
2021-10-04 06:18:36,47880.0,3
2021-10-04 06:19:31,47860.0,1
2021-10-04 06:25:10,47840.0,1
2021-10-04 06:25:11,47820.0,2
2021-10-04 06:25:18,47820.0,1
2021-10-04 06:26:09,47850.0,1
2021-10-04 06:28:45,47940.0,1
2021-10-04 06:32:10,47955.0,1
2021-10-04 06:32:36,47925.0,1
2021-10-04 06:32:36,47920.0,1
2021-10-04 06:32:36,47915.0,4
2021-10-04 06:32:36,47910.0,1
2021-10-04 06:32:37,47895.0,1
2021-10-04 06:32:52,47875.0,1
2021-10-04 06:32:52,47880.0,1
2021-10-04 06:33:29,47860.0,1
2021-10-04 06:35:58,47840.0,1
2021-10-04 06:37:07,47875.0,1
2021-10-04 06:37:33,47865.0,1
2021-10-04 06:39:51,47875.0,1
2021-10-04 06:42:28,47830.0,2
2021-10-04 06:42:28,47850.0,1
2021-10-04 06:44:35,47810.0,1
2021-10-04 06:45:20,47845.0,1
2021-10-04 06:46:38,47780.0,1
2021-10-04 06:46:38,47775.0,1
2021-10-04 06:48:33,47825.0,2
2021-10-04 06:50:36,47870.0,3
2021-10-04 06:51:12,47840.0,2
2021-10-04 06:51:12,47835.0,1
2021-10-04 06:51:13,47825.0,1
2021-10-04 06:53:31,47830.0,1
2021-10-04 06:53:31,47835.0,2
2021-10-04 06:55:22,47885.0,2
2021-10-04 06:58:03,47925.0,1
2021-10-04 06:59:14,47920.0,1
2021-10-04 07:00:13,47940.0,2
2021-10-04 07:00:13,47955.0,3
2021-10-04 07:00:13,47960.0,1
2021-10-04 07:00:13,47970.0,3
2021-10-04 07:00:13,47975.0,1
2021-10-04 07:02:03,47910.0,1
2021-10-04 07:02:03,47905.0,1
2021-10-04 07:02:06,47900.0,1
2021-10-04 07:05:03,47830.0,2
2021-10-04 07:05:03,47835.0,1
2021-10-04 07:05:06,47815.0,1
2021-10-04 07:05:38,47795.0,1
2021-10-04 07:05:38,47805.0,2
2021-10-04 07:05:38,47810.0,1
2021-10-04 07:05:38,47840.0,1
2021-10-04 07:08:30,47830.0,4
2021-10-04 07:09:25,47800.0,1
2021-10-04 07:09:25,47795.0,1
2021-10-04 07:09:29,47795.0,1
2021-10-04 07:09:40,47760.0,1
2021-10-04 07:09:40,47755.0,2
2021-10-04 07:10:19,47775.0,1
2021-10-04 07:12:08,47765.0,1
2021-10-04 07:12:33,47770.0,1
2021-10-04 07:12:45,47770.0,1
2021-10-04 07:12:45,47765.0,1
2021-10-04 07:13:50,47760.0,1
2021-10-04 07:13:56,47750.0,1
2021-10-04 07:13:56,47760.0,3
2021-10-04 07:14:25,47765.0,2
2021-10-04 07:14:41,47775.0,1
2021-10-04 07:15:25,47805.0,1
2021-10-04 07:16:52,47785.0,2
2021-10-04 07:18:31,47805.0,1
2021-10-04 07:18:31,47815.0,3
2021-10-04 07:19:04,47800.0,1
2021-10-04 07:19:30,47805.0,1
2021-10-04 07:19:37,47825.0,1
2021-10-04 07:21:35,47825.0,2
2021-10-04 07:24:02,47820.0,1
2021-10-04 07:24:18,47830.0,1
2021-10-04 07:26:46,47770.0,5
2021-10-04 07:27:05,47790.0,1
2021-10-04 07:28:38,47765.0,1
2021-10-04 07:28:38,47760.0,1
2021-10-04 07:28:38,47755.0,1
2021-10-04 07:28:44,47730.0,1
2021-10-04 07:28:44,47720.0,1
2021-10-04 07:28:44,47745.0,2
2021-10-04 07:28:52,47735.0,1
2021-10-04 07:28:54,47725.0,1
2021-10-04 07:29:08,47710.0,1
2021-10-04 07:29:20,47750.0,1
2021-10-04 07:29:33,47710.0,1
2021-10-04 07:29:38,47700.0,1
2021-10-04 07:31:12,47665.0,1
2021-10-04 07:31:15,47665.0,1
2021-10-04 07:34:35,47790.0,1
2021-10-04 07:41:20,47765.0,1
2021-10-04 07:43:05,47765.0,3
2021-10-04 07:43:48,47740.0,1
2021-10-04 07:43:54,47760.0,1
2021-10-04 07:46:19,47780.0,1
2021-10-04 07:46:19,47805.0,3
2021-10-04 07:46:36,47820.0,2
2021-10-04 07:46:44,47840.0,1
2021-10-04 07:47:06,47815.0,1
2021-10-04 07:47:09,47830.0,1
2021-10-04 07:53:06,47870.0,1
2021-10-04 07:53:50,47905.0,1
2021-10-04 07:53:50,47940.0,1
2021-10-04 07:53:51,47885.0,3
2021-10-04 07:55:03,47860.0,2
2021-10-04 07:55:03,47875.0,1
2021-10-04 07:55:03,47885.0,1
2021-10-04 07:56:36,47845.0,2
2021-10-04 07:56:36,47850.0,2
2021-10-04 07:57:28,47895.0,1
2021-10-04 07:57:48,47875.0,1
2021-10-04 07:58:26,47865.0,1
2021-10-04 07:59:52,47875.0,3
2021-10-04 07:59:52,47860.0,2
2021-10-04 08:00:00,47845.0,1
2021-10-04 08:00:00,47850.0,1
2021-10-04 08:00:00,47855.0,1
2021-10-04 08:02:03,47785.0,1
2021-10-04 08:02:03,47780.0,2
2021-10-04 08:02:03,47790.0,1
2021-10-04 08:02:03,47775.0,2
2021-10-04 08:02:03,47770.0,2
2021-10-04 08:02:03,47765.0,2
2021-10-04 08:02:18,47785.0,1
2021-10-04 08:02:24,47790.0,4
2021-10-04 08:02:24,47785.0,1
2021-10-04 08:03:28,47805.0,1
2021-10-04 08:03:34,47800.0,1
2021-10-04 08:04:00,47765.0,2
2021-10-04 08:04:24,47755.0,1
2021-10-04 08:04:24,47770.0,1
2021-10-04 08:04:25,47765.0,1
2021-10-04 08:04:31,47765.0,1
2021-10-04 08:04:33,47755.0,1
2021-10-04 08:04:46,47735.0,3
2021-10-04 08:06:03,47810.0,1
2021-10-04 08:06:03,47785.0,1
2021-10-04 08:06:03,47780.0,1
2021-10-04 08:07:37,47975.0,1
2021-10-04 08:07:58,47980.0,1
2021-10-04 08:07:58,47985.0,2
2021-10-04 08:08:03,47975.0,1
2021-10-04 08:08:03,47965.0,1
2021-10-04 08:08:15,47980.0,1
2021-10-04 08:08:17,47950.0,2
2021-10-04 08:08:25,47975.0,1
2021-10-04 08:08:25,47950.0,1
2021-10-04 08:09:18,47970.0,1
2021-10-04 08:09:18,47975.0,1
2021-10-04 08:09:44,47980.0,1
2021-10-04 08:10:10,48005.0,1
2021-10-04 08:10:42,47990.0,1
2021-10-04 08:10:54,47970.0,1
2021-10-04 08:11:24,48015.0,1
2021-10-04 08:11:27,47985.0,1
2021-10-04 08:11:39,47980.0,1
2021-10-04 08:11:42,48005.0,1
2021-10-04 08:11:57,47980.0,1
2021-10-04 08:11:57,47975.0,1
2021-10-04 08:12:29,47980.0,1
2021-10-04 08:12:36,48000.0,4
2021-10-04 08:12:48,47980.0,1
2021-10-04 08:13:22,47975.0,2
2021-10-04 08:13:57,47960.0,2
2021-10-04 08:14:31,47965.0,1
2021-10-04 08:15:45,47985.0,1
2021-10-04 08:16:56,48000.0,1
2021-10-04 08:17:06,48025.0,2
2021-10-04 08:17:30,48020.0,1
2021-10-04 08:18:15,48050.0,2
2021-10-04 08:18:16,48035.0,1
2021-10-04 08:18:50,48050.0,1
2021-10-04 08:19:11,48015.0,1
2021-10-04 08:20:53,48010.0,1
2021-10-04 08:21:08,47995.0,1
2021-10-04 08:21:24,48000.0,1
2021-10-04 08:21:44,47985.0,1
2021-10-04 08:21:44,47980.0,1
2021-10-04 08:22:49,47970.0,2
2021-10-04 08:22:49,47950.0,2
2021-10-04 08:22:51,47960.0,2
2021-10-04 08:22:52,47930.0,1
2021-10-04 08:23:30,47945.0,1
2021-10-04 08:23:30,47950.0,1
2021-10-04 08:23:33,47960.0,1
2021-10-04 08:24:30,47940.0,2
2021-10-04 08:24:30,47935.0,1
2021-10-04 08:24:44,47945.0,2
2021-10-04 08:25:16,47950.0,1
2021-10-04 08:25:51,47935.0,1
2021-10-04 08:25:51,47930.0,1
2021-10-04 08:26:45,47970.0,1
2021-10-04 08:27:00,47955.0,1
2021-10-04 08:28:27,47980.0,4
2021-10-04 08:28:31,48005.0,3
2021-10-04 08:28:39,48025.0,7
2021-10-04 08:28:39,48015.0,1
2021-10-04 08:28:39,47990.0,2
2021-10-04 08:28:39,47985.0,1
2021-10-04 08:28:39,47990.0,1
2021-10-04 08:29:02,48000.0,1
2021-10-04 08:29:29,48035.0,5
2021-10-04 08:29:31,48040.0,1
2021-10-04 08:29:49,48055.0,1
2021-10-04 08:29:56,48040.0,1
2021-10-04 08:30:01,48075.0,4
2021-10-04 08:30:01,48080.0,1
2021-10-04 08:30:01,48085.0,1
2021-10-04 08:30:01,48090.0,4
2021-10-04 08:30:01,48095.0,1
2021-10-04 08:30:04,48100.0,1
2021-10-04 08:30:06,48075.0,1
2021-10-04 08:30:08,48080.0,1
2021-10-04 08:30:09,48070.0,1
2021-10-04 08:30:12,48045.0,2
2021-10-04 08:30:12,48040.0,1
2021-10-04 08:30:20,48005.0,1
2021-10-04 08:30:35,47995.0,1
2021-10-04 08:31:01,48005.0,1
2021-10-04 08:31:03,48005.0,1
2021-10-04 08:31:09,48010.0,2
2021-10-04 08:31:20,48040.0,1
2021-10-04 08:32:16,48025.0,1
2021-10-04 08:32:21,48015.0,1
2021-10-04 08:33:30,47980.0,1
2021-10-04 08:33:30,47970.0,1
2021-10-04 08:34:47,47980.0,1
2021-10-04 08:35:36,47985.0,2
2021-10-04 08:35:36,47980.0,1
2021-10-04 08:35:57,47985.0,1
2021-10-04 08:36:50,47970.0,1
2021-10-04 08:36:56,47955.0,1
2021-10-04 08:36:56,47935.0,1
2021-10-04 08:36:56,47960.0,1
2021-10-04 08:37:02,47950.0,1
2021-10-04 08:37:15,47940.0,1
2021-10-04 08:37:41,47965.0,1
2021-10-04 08:38:27,47955.0,2
2021-10-04 08:38:59,47970.0,2
2021-10-04 08:38:59,47980.0,1
2021-10-04 08:38:59,47985.0,1
2021-10-04 08:38:59,47980.0,1
2021-10-04 08:38:59,47975.0,1
2021-10-04 08:39:08,47960.0,2
2021-10-04 08:42:15,48035.0,1
2021-10-04 08:43:45,48015.0,1
2021-10-04 08:43:45,48010.0,2
2021-10-04 08:47:45,48080.0,1
2021-10-04 08:47:59,48075.0,1
2021-10-04 08:48:03,48065.0,1
2021-10-04 08:48:16,48040.0,2
2021-10-04 08:50:16,48090.0,3
2021-10-04 08:50:16,48095.0,1
2021-10-04 08:50:16,48105.0,3
2021-10-04 08:50:18,48105.0,1
2021-10-04 08:50:21,48100.0,1
2021-10-04 08:50:46,48105.0,1
2021-10-04 08:51:03,48140.0,1
2021-10-04 08:51:10,48120.0,2
2021-10-04 08:51:20,48110.0,1
2021-10-04 08:51:44,48095.0,1
2021-10-04 08:52:45,48100.0,1
2021-10-04 08:55:54,48080.0,1
2021-10-04 08:55:55,48085.0,2
2021-10-04 08:56:22,48050.0,1
2021-10-04 08:57:08,48035.0,1
2021-10-04 08:57:58,48010.0,1
2021-10-04 08:58:20,48005.0,1
2021-10-04 08:58:43,48055.0,1
2021-10-04 08:58:54,48005.0,1
2021-10-04 08:59:28,48020.0,1
2021-10-04 09:00:07,48050.0,3
2021-10-04 09:00:07,48045.0,1
2021-10-04 09:00:10,48015.0,1
2021-10-04 09:00:10,48010.0,1
2021-10-04 09:00:10,48005.0,1
2021-10-04 09:00:10,47995.0,1
2021-10-04 09:00:10,47985.0,3
2021-10-04 09:00:10,47990.0,1
2021-10-04 09:00:24,48000.0,1
2021-10-04 09:00:37,48015.0,1
2021-10-04 09:02:16,48070.0,1
2021-10-04 09:03:06,48075.0,1
2021-10-04 09:03:19,48085.0,1
2021-10-04 09:03:19,48090.0,1
2021-10-04 09:04:27,48085.0,2
2021-10-04 09:05:03,48080.0,1
2021-10-04 09:05:12,48070.0,2
2021-10-04 09:05:51,48105.0,1
2021-10-04 09:06:54,48150.0,1
2021-10-04 09:07:04,48120.0,1
2021-10-04 09:07:04,48115.0,1
2021-10-04 09:07:19,48150.0,2
2021-10-04 09:07:19,48155.0,2
2021-10-04 09:07:19,48160.0,1
2021-10-04 09:07:20,48165.0,1
2021-10-04 09:07:21,48165.0,2
2021-10-04 09:07:25,48140.0,1
2021-10-04 09:07:25,48135.0,1
2021-10-04 09:07:25,48130.0,4
2021-10-04 09:07:25,48135.0,3
2021-10-04 09:07:27,48140.0,1
2021-10-04 09:08:14,48095.0,2
2021-10-04 09:08:15,48090.0,1
2021-10-04 09:08:25,48085.0,1
2021-10-04 09:08:26,48085.0,1
2021-10-04 09:08:28,48085.0,1
2021-10-04 09:08:30,48100.0,1
2021-10-04 09:08:32,48110.0,2
2021-10-04 09:09:05,48120.0,1
2021-10-04 09:10:06,48085.0,1
2021-10-04 09:10:12,48085.0,1
2021-10-04 09:10:15,48075.0,1
2021-10-04 09:10:29,48095.0,1
2021-10-04 09:15:17,48170.0,1
2021-10-04 09:15:21,48180.0,1
2021-10-04 09:15:21,48170.0,1
2021-10-04 09:15:31,48150.0,1
2021-10-04 09:15:31,48145.0,1
2021-10-04 09:17:16,48135.0,1
2021-10-04 09:17:24,48130.0,2
2021-10-04 09:17:25,48140.0,2
2021-10-04 09:17:25,48145.0,3
2021-10-04 09:18:11,48130.0,1
2021-10-04 09:19:01,48130.0,1
2021-10-04 09:20:17,48100.0,1
2021-10-04 09:20:28,48085.0,2
2021-10-04 09:20:28,48080.0,1
2021-10-04 09:20:33,48110.0,2
2021-10-04 09:20:33,48115.0,1
2021-10-04 09:20:41,48130.0,1
2021-10-04 09:20:55,48100.0,1
2021-10-04 09:21:39,48085.0,2
2021-10-04 09:21:39,48100.0,1
2021-10-04 09:22:20,48100.0,1
2021-10-04 09:22:24,48080.0,1
2021-10-04 09:22:24,48075.0,2
2021-10-04 09:22:45,48070.0,1
2021-10-04 09:23:29,48070.0,1
2021-10-04 09:23:56,48070.0,1
2021-10-04 09:24:51,48070.0,1
2021-10-04 09:25:45,48035.0,1
2021-10-04 09:25:59,48035.0,3
2021-10-04 09:25:59,48030.0,3
2021-10-04 09:25:59,48015.0,1
2021-10-04 09:25:59,48020.0,3
2021-10-04 09:25:59,48015.0,2
2021-10-04 09:26:00,48020.0,1
2021-10-04 09:26:00,48025.0,1
2021-10-04 09:26:00,48030.0,1
2021-10-04 09:26:03,48035.0,2
2021-10-04 09:26:03,48055.0,2
2021-10-04 09:26:37,48075.0,1
2021-10-04 09:26:37,48080.0,1
2021-10-04 09:26:50,48075.0,2
2021-10-04 09:27:05,48090.0,2
2021-10-04 09:27:05,48085.0,2
2021-10-04 09:30:42,48100.0,2
2021-10-04 09:30:49,48100.0,2
2021-10-04 09:30:59,48095.0,2
2021-10-04 09:31:05,48130.0,1
2021-10-04 09:31:23,48175.0,1
2021-10-04 09:31:23,48180.0,1
2021-10-04 09:31:25,48190.0,1
2021-10-04 09:31:28,48225.0,1
2021-10-04 09:31:42,48210.0,3
2021-10-04 09:31:42,48220.0,1
2021-10-04 09:31:42,48210.0,1
2021-10-04 09:31:42,48205.0,3
2021-10-04 09:32:14,48215.0,1
2021-10-04 09:32:21,48215.0,1
2021-10-04 09:32:25,48195.0,1
2021-10-04 09:33:02,48215.0,1
2021-10-04 09:33:14,48175.0,1
2021-10-04 09:33:15,48205.0,1
2021-10-04 09:33:15,48185.0,1
2021-10-04 09:33:34,48200.0,2
2021-10-04 09:33:50,48215.0,1
2021-10-04 09:33:50,48225.0,1
2021-10-04 09:34:25,48250.0,1
2021-10-04 09:34:25,48255.0,1
2021-10-04 09:34:32,48230.0,2
2021-10-04 09:34:50,48200.0,4
2021-10-04 09:34:58,48225.0,1
2021-10-04 09:35:12,48180.0,1
2021-10-04 09:35:14,48175.0,1
2021-10-04 09:35:28,48200.0,1
2021-10-04 09:35:28,48190.0,1
2021-10-04 09:35:36,48195.0,1
2021-10-04 09:35:39,48210.0,1
2021-10-04 09:35:48,48190.0,1
2021-10-04 09:37:01,48210.0,1
2021-10-04 09:37:06,48205.0,6
2021-10-04 09:37:32,48225.0,2
2021-10-04 09:37:46,48200.0,1
2021-10-04 09:37:52,48235.0,1
2021-10-04 09:38:33,48235.0,1
2021-10-04 09:39:25,48280.0,1
2021-10-04 09:39:30,48315.0,1
2021-10-04 09:39:30,48320.0,1
2021-10-04 09:39:30,48325.0,1
2021-10-04 09:39:42,48270.0,1
2021-10-04 09:39:43,48285.0,1
2021-10-04 09:40:09,48265.0,1
2021-10-04 09:40:19,48270.0,1
2021-10-04 09:40:33,48240.0,1
2021-10-04 09:41:06,48240.0,1
2021-10-04 09:41:10,48215.0,1
2021-10-04 09:41:14,48200.0,1
2021-10-04 09:41:17,48195.0,1
2021-10-04 09:41:39,48225.0,1
2021-10-04 09:42:22,48225.0,1
2021-10-04 09:42:44,48195.0,1
2021-10-04 09:42:46,48200.0,3
2021-10-04 09:43:59,48165.0,1
2021-10-04 09:44:00,48160.0,6
2021-10-04 09:45:06,48185.0,1
2021-10-04 09:45:40,48200.0,1
2021-10-04 09:45:46,48170.0,3
2021-10-04 09:45:48,48165.0,1
2021-10-04 09:46:02,48180.0,3
2021-10-04 09:46:03,48195.0,1
2021-10-04 09:46:12,48180.0,1
2021-10-04 09:46:30,48160.0,4
2021-10-04 09:46:30,48145.0,1
2021-10-04 09:46:30,48140.0,1
2021-10-04 09:46:30,48135.0,2
2021-10-04 09:46:30,48155.0,1
2021-10-04 09:46:30,48145.0,2
2021-10-04 09:46:30,48160.0,1
2021-10-04 09:46:30,48165.0,2
2021-10-04 09:46:44,48150.0,1
2021-10-04 09:46:56,48130.0,1
2021-10-04 09:46:56,48135.0,1
2021-10-04 09:46:56,48130.0,2
2021-10-04 09:47:18,48140.0,1
2021-10-04 09:47:27,48125.0,1
2021-10-04 09:47:44,48125.0,1
2021-10-04 09:47:47,48115.0,1
2021-10-04 09:47:56,48100.0,1
2021-10-04 09:48:04,48100.0,2
2021-10-04 09:48:16,48120.0,4
2021-10-04 09:48:26,48105.0,1
2021-10-04 09:48:30,48105.0,1
2021-10-04 09:48:44,48100.0,2
2021-10-04 09:48:47,48095.0,1
2021-10-04 09:48:56,48105.0,1
2021-10-04 09:50:24,48100.0,1
2021-10-04 09:51:00,48140.0,1
2021-10-04 09:53:43,48155.0,1
2021-10-04 09:54:35,48170.0,1
2021-10-04 09:54:52,48160.0,1
2021-10-04 09:54:54,48145.0,1
2021-10-04 09:56:07,48150.0,1
2021-10-04 09:56:23,48145.0,2
2021-10-04 09:56:33,48170.0,1
2021-10-04 09:56:36,48140.0,3
2021-10-04 09:56:36,48145.0,3
2021-10-04 09:57:01,48165.0,1
2021-10-04 09:57:02,48175.0,1
2021-10-04 09:57:39,48185.0,1
2021-10-04 09:57:41,48200.0,1
2021-10-04 09:57:41,48205.0,1
2021-10-04 09:58:21,48230.0,1
2021-10-04 09:58:24,48235.0,1
2021-10-04 09:58:24,48240.0,3
2021-10-04 09:58:25,48230.0,1
2021-10-04 09:58:50,48280.0,1
2021-10-04 09:58:51,48290.0,1
2021-10-04 09:58:51,48295.0,1
2021-10-04 09:59:09,48300.0,1
2021-10-04 09:59:09,48315.0,1
2021-10-04 09:59:12,48315.0,1
2021-10-04 09:59:14,48325.0,1
2021-10-04 09:59:15,48335.0,1
2021-10-04 09:59:54,48370.0,1
2021-10-04 09:59:54,48375.0,1
2021-10-04 09:59:54,48380.0,1
2021-10-04 09:59:54,48395.0,4
2021-10-04 09:59:54,48405.0,1
2021-10-04 09:59:54,48400.0,1
2021-10-04 09:59:54,48410.0,2
2021-10-04 09:59:57,48470.0,1
2021-10-04 09:59:58,48465.0,1
2021-10-04 09:59:58,48460.0,1
2021-10-04 09:59:58,48455.0,1
2021-10-04 10:00:03,48450.0,1
2021-10-04 10:00:03,48445.0,1
2021-10-04 10:00:03,48450.0,1
2021-10-04 10:00:10,48480.0,2
2021-10-04 10:00:10,48495.0,5
2021-10-04 10:00:13,48510.0,2
2021-10-04 10:00:15,48525.0,1
2021-10-04 10:00:16,48545.0,1
2021-10-04 10:00:20,48550.0,1
2021-10-04 10:00:26,48610.0,1
2021-10-04 10:00:26,48615.0,1
2021-10-04 10:00:27,48570.0,2
2021-10-04 10:00:27,48560.0,1
2021-10-04 10:00:27,48550.0,1
2021-10-04 10:00:28,48530.0,1
2021-10-04 10:00:32,48570.0,1
2021-10-04 10:00:32,48580.0,2
2021-10-04 10:00:35,48580.0,1
2021-10-04 10:00:35,48565.0,1
2021-10-04 10:00:44,48585.0,1
2021-10-04 10:00:45,48615.0,1
2021-10-04 10:00:45,48595.0,1
2021-10-04 10:00:46,48615.0,1
2021-10-04 10:00:52,48625.0,1
2021-10-04 10:00:52,48640.0,1
2021-10-04 10:00:56,48590.0,1
2021-10-04 10:00:56,48580.0,1
2021-10-04 10:00:56,48585.0,1
2021-10-04 10:00:57,48600.0,5
2021-10-04 10:00:57,48595.0,2
2021-10-04 10:01:00,48625.0,1
2021-10-04 10:01:01,48665.0,2
2021-10-04 10:01:02,48630.0,1
2021-10-04 10:01:02,48625.0,1
2021-10-04 10:01:02,48640.0,1
2021-10-04 10:01:05,48665.0,1
2021-10-04 10:01:05,48680.0,1
2021-10-04 10:01:05,48690.0,1
2021-10-04 10:01:05,48680.0,2
2021-10-04 10:01:06,48660.0,1
2021-10-04 10:01:08,48695.0,2
2021-10-04 10:01:11,48730.0,1
2021-10-04 10:01:12,48720.0,1
2021-10-04 10:01:14,48785.0,3
2021-10-04 10:01:14,48790.0,1
2021-10-04 10:01:16,48780.0,2
2021-10-04 10:01:16,48775.0,2
2021-10-04 10:01:16,48770.0,2
2021-10-04 10:01:16,48765.0,1
2021-10-04 10:01:16,48780.0,3
2021-10-04 10:01:16,48770.0,1
2021-10-04 10:01:17,48785.0,2
2021-10-04 10:01:17,48795.0,2
2021-10-04 10:01:17,48790.0,2
2021-10-04 10:01:20,48725.0,2
2021-10-04 10:01:23,48705.0,1
2021-10-04 10:01:31,48710.0,1
2021-10-04 10:01:31,48715.0,1
2021-10-04 10:01:33,48725.0,1
2021-10-04 10:01:33,48730.0,1
2021-10-04 10:01:34,48780.0,1
2021-10-04 10:01:34,48785.0,1
2021-10-04 10:01:35,48770.0,1
2021-10-04 10:01:47,48750.0,3
2021-10-04 10:01:51,48775.0,1
2021-10-04 10:01:51,48805.0,1
2021-10-04 10:01:55,48760.0,1
2021-10-04 10:02:03,48760.0,1
2021-10-04 10:02:06,48770.0,1
2021-10-04 10:02:15,48795.0,1
2021-10-04 10:02:15,48785.0,1
2021-10-04 10:02:18,48740.0,1
2021-10-04 10:02:22,48735.0,1
2021-10-04 10:02:25,48685.0,1
2021-10-04 10:02:41,48605.0,1
2021-10-04 10:02:42,48630.0,1
2021-10-04 10:02:49,48620.0,1
2021-10-04 10:03:06,48640.0,2
2021-10-04 10:03:06,48645.0,1
2021-10-04 10:03:10,48660.0,1
2021-10-04 10:03:10,48655.0,2
2021-10-04 10:03:20,48600.0,1
2021-10-04 10:03:20,48635.0,2
2021-10-04 10:03:37,48600.0,1
2021-10-04 10:03:41,48565.0,2
2021-10-04 10:03:42,48525.0,1
2021-10-04 10:03:51,48510.0,1
2021-10-04 10:04:01,48555.0,1
2021-10-04 10:04:25,48610.0,1
2021-10-04 10:04:31,48615.0,1
2021-10-04 10:04:31,48625.0,1
2021-10-04 10:04:31,48620.0,1
2021-10-04 10:04:38,48595.0,1
2021-10-04 10:05:14,48555.0,1
2021-10-04 10:05:16,48555.0,1
2021-10-04 10:05:19,48545.0,2
2021-10-04 10:05:29,48525.0,1
2021-10-04 10:05:29,48540.0,2
2021-10-04 10:05:29,48545.0,1
2021-10-04 10:05:36,48505.0,1
2021-10-04 10:05:54,48420.0,1
2021-10-04 10:05:55,48415.0,1
2021-10-04 10:05:55,48420.0,1
2021-10-04 10:05:59,48385.0,1
2021-10-04 10:06:00,48370.0,1
2021-10-04 10:06:00,48350.0,2
2021-10-04 10:06:01,48370.0,1
2021-10-04 10:06:06,48325.0,2
2021-10-04 10:06:19,48285.0,1
2021-10-04 10:06:19,48290.0,1
2021-10-04 10:06:19,48295.0,1
2021-10-04 10:06:19,48300.0,3
2021-10-04 10:06:19,48310.0,2
2021-10-04 10:06:19,48325.0,1
2021-10-04 10:06:19,48340.0,1
2021-10-04 10:06:20,48315.0,1
2021-10-04 10:06:20,48310.0,1
2021-10-04 10:06:23,48270.0,2
2021-10-04 10:06:33,48325.0,1
2021-10-04 10:06:33,48335.0,1
2021-10-04 10:06:46,48405.0,1
2021-10-04 10:06:51,48405.0,1
2021-10-04 10:07:18,48320.0,2
2021-10-04 10:07:18,48315.0,1
2021-10-04 10:07:20,48320.0,1
2021-10-04 10:07:47,48340.0,1
2021-10-04 10:07:47,48335.0,1
2021-10-04 10:07:58,48335.0,1
2021-10-04 10:09:10,48425.0,1
2021-10-04 10:09:10,48430.0,1
2021-10-04 10:09:16,48445.0,1
2021-10-04 10:09:27,48470.0,2
2021-10-04 10:09:29,48465.0,1
2021-10-04 10:09:29,48480.0,1
2021-10-04 10:09:30,48495.0,1
2021-10-04 10:09:49,48450.0,1
2021-10-04 10:09:52,48470.0,1
2021-10-04 10:10:21,48485.0,2
2021-10-04 10:10:34,48500.0,2
2021-10-04 10:10:34,48495.0,1
2021-10-04 10:10:34,48500.0,2
2021-10-04 10:10:34,48495.0,1
2021-10-04 10:10:37,48560.0,1
2021-10-04 10:10:38,48525.0,2
2021-10-04 10:10:38,48520.0,1
2021-10-04 10:10:40,48535.0,1
2021-10-04 10:10:42,48565.0,1
2021-10-04 10:10:55,48590.0,1
2021-10-04 10:11:04,48560.0,1
2021-10-04 10:11:15,48570.0,2
2021-10-04 10:11:31,48540.0,1
2021-10-04 10:11:31,48575.0,1
2021-10-04 10:11:59,48585.0,1
2021-10-04 10:11:59,48590.0,1
2021-10-04 10:11:59,48580.0,1
2021-10-04 10:12:01,48555.0,1
2021-10-04 10:12:11,48530.0,1
2021-10-04 10:12:28,48495.0,1
2021-10-04 10:12:34,48500.0,1
2021-10-04 10:12:53,48505.0,1
2021-10-04 10:12:53,48500.0,2
2021-10-04 10:13:29,48455.0,1
2021-10-04 10:13:29,48450.0,1
2021-10-04 10:13:31,48455.0,1
2021-10-04 10:15:05,48465.0,1
2021-10-04 10:15:34,48495.0,2
2021-10-04 10:15:34,48500.0,1
2021-10-04 10:15:43,48485.0,3
2021-10-04 10:16:01,48475.0,3
2021-10-04 10:16:02,48490.0,1
2021-10-04 10:17:42,48495.0,1
2021-10-04 10:18:10,48480.0,2
2021-10-04 10:18:36,48525.0,1
2021-10-04 10:19:00,48510.0,1
2021-10-04 10:19:35,48555.0,1
2021-10-04 10:19:35,48570.0,1
2021-10-04 10:19:35,48565.0,1
2021-10-04 10:19:35,48575.0,1
2021-10-04 10:19:35,48580.0,1
2021-10-04 10:19:35,48590.0,1
2021-10-04 10:19:35,48595.0,2
2021-10-04 10:19:35,48600.0,1
2021-10-04 10:19:35,48605.0,3
2021-10-04 10:19:35,48615.0,3
2021-10-04 10:19:35,48620.0,1
2021-10-04 10:19:35,48630.0,1
2021-10-04 10:19:37,48620.0,3
2021-10-04 10:19:37,48615.0,1
2021-10-04 10:19:37,48610.0,1
2021-10-04 10:19:37,48600.0,1
2021-10-04 10:19:37,48595.0,2
2021-10-04 10:19:37,48620.0,3
2021-10-04 10:19:42,48605.0,1
2021-10-04 10:19:48,48575.0,1
2021-10-04 10:19:48,48570.0,1
2021-10-04 10:19:48,48580.0,1
2021-10-04 10:20:10,48585.0,1
2021-10-04 10:20:13,48560.0,1
2021-10-04 10:21:21,48525.0,2
2021-10-04 10:21:21,48520.0,1
2021-10-04 10:21:21,48535.0,1
2021-10-04 10:21:21,48540.0,2
2021-10-04 10:21:34,48565.0,1
2021-10-04 10:21:34,48560.0,1
2021-10-04 10:21:34,48555.0,1
2021-10-04 10:21:54,48560.0,1
2021-10-04 10:22:31,48565.0,2
2021-10-04 10:22:54,48580.0,1
2021-10-04 10:23:57,48625.0,2
2021-10-04 10:24:35,48645.0,1
2021-10-04 10:24:41,48610.0,1
2021-10-04 10:24:53,48605.0,1
2021-10-04 10:24:57,48640.0,1
2021-10-04 10:25:58,48595.0,2
2021-10-04 10:25:58,48590.0,1
2021-10-04 10:26:35,48570.0,1
2021-10-04 10:26:51,48555.0,3
2021-10-04 10:26:52,48560.0,2
2021-10-04 10:26:52,48555.0,1
2021-10-04 10:29:03,48505.0,1
2021-10-04 10:29:22,48540.0,1
2021-10-04 10:29:22,48545.0,1
2021-10-04 10:29:37,48535.0,1
2021-10-04 10:29:44,48560.0,1
2021-10-04 10:30:28,48515.0,1
2021-10-04 10:30:28,48505.0,3
2021-10-04 10:30:28,48540.0,1
2021-10-04 10:30:35,48505.0,1
2021-10-04 10:30:35,48500.0,1
2021-10-04 10:30:41,48480.0,2
2021-10-04 10:30:42,48480.0,1
2021-10-04 10:30:42,48485.0,1
2021-10-04 10:30:52,48485.0,1
2021-10-04 10:31:03,48500.0,16
2021-10-04 10:31:08,48525.0,2
2021-10-04 10:31:18,48540.0,2
2021-10-04 10:31:40,48515.0,1
2021-10-04 10:31:40,48540.0,2
2021-10-04 10:31:48,48550.0,1
2021-10-04 10:31:48,48555.0,1
2021-10-04 10:32:28,48500.0,4
2021-10-04 10:32:44,48520.0,2
2021-10-04 10:32:44,48525.0,1
2021-10-04 10:32:45,48525.0,2
2021-10-04 10:32:45,48530.0,1
2021-10-04 10:32:45,48535.0,1
2021-10-04 10:32:45,48540.0,1
2021-10-04 10:32:45,48545.0,1
2021-10-04 10:32:45,48550.0,3
2021-10-04 10:32:45,48540.0,2
2021-10-04 10:32:45,48550.0,2
2021-10-04 10:32:45,48555.0,2
2021-10-04 10:32:49,48530.0,2
2021-10-04 10:32:49,48525.0,1
2021-10-04 10:32:49,48510.0,1
2021-10-04 10:32:49,48515.0,1
2021-10-04 10:32:57,48510.0,2
2021-10-04 10:32:57,48530.0,2
2021-10-04 10:33:03,48550.0,1
2021-10-04 10:33:50,48485.0,1
2021-10-04 10:33:59,48425.0,1
2021-10-04 10:33:59,48420.0,1
2021-10-04 10:34:00,48455.0,1
2021-10-04 10:34:01,48450.0,2
2021-10-04 10:34:04,48475.0,3
2021-10-04 10:34:04,48480.0,1
2021-10-04 10:34:04,48485.0,2
2021-10-04 10:34:04,48480.0,1
2021-10-04 10:34:56,48450.0,4
2021-10-04 10:35:00,48460.0,2
2021-10-04 10:35:02,48440.0,1
2021-10-04 10:35:05,48450.0,1
2021-10-04 10:35:06,48435.0,6
2021-10-04 10:35:07,48390.0,2
2021-10-04 10:35:10,48415.0,2
2021-10-04 10:35:14,48415.0,2
2021-10-04 10:35:14,48420.0,1
2021-10-04 10:35:22,48420.0,1
2021-10-04 10:35:34,48420.0,1
2021-10-04 10:35:47,48400.0,2
2021-10-04 10:36:39,48350.0,1
2021-10-04 10:36:57,48300.0,1
2021-10-04 10:37:11,48315.0,2
2021-10-04 10:37:11,48320.0,1
2021-10-04 10:37:16,48310.0,3
2021-10-04 10:37:20,48315.0,1
2021-10-04 10:38:15,48370.0,1
2021-10-04 10:38:18,48390.0,1
2021-10-04 10:39:02,48320.0,1
2021-10-04 10:39:02,48315.0,3
2021-10-04 10:39:02,48310.0,2
2021-10-04 10:39:02,48305.0,23
2021-10-04 10:39:02,48300.0,4
2021-10-04 10:39:02,48295.0,3
2021-10-04 10:39:02,48300.0,1
2021-10-04 10:39:02,48295.0,1
2021-10-04 10:39:02,48275.0,2
2021-10-04 10:39:02,48260.0,1
2021-10-04 10:39:02,48280.0,1
2021-10-04 10:39:02,48260.0,1
2021-10-04 10:39:02,48275.0,1
2021-10-04 10:39:02,48280.0,1
2021-10-04 10:39:02,48285.0,1
2021-10-04 10:39:02,48280.0,7
2021-10-04 10:39:02,48275.0,1
2021-10-04 10:39:02,48265.0,1
2021-10-04 10:39:02,48270.0,1
2021-10-04 10:39:02,48275.0,1
2021-10-04 10:39:02,48255.0,2
2021-10-04 10:39:02,48245.0,1
2021-10-04 10:39:02,48270.0,2
2021-10-04 10:39:02,48260.0,1
2021-10-04 10:39:02,48255.0,1
2021-10-04 10:39:03,48260.0,2
2021-10-04 10:39:05,48255.0,2
2021-10-04 10:39:05,48260.0,2
2021-10-04 10:39:05,48265.0,1
2021-10-04 10:39:13,48220.0,1
2021-10-04 10:39:13,48215.0,3
2021-10-04 10:39:14,48215.0,2
2021-10-04 10:39:14,48235.0,1
2021-10-04 10:39:14,48240.0,1
2021-10-04 10:39:14,48200.0,1
2021-10-04 10:39:14,48190.0,3
2021-10-04 10:39:14,48185.0,11
2021-10-04 10:39:14,48190.0,2
2021-10-04 10:39:14,48210.0,1
2021-10-04 10:39:14,48220.0,2
2021-10-04 10:39:15,48195.0,1
2021-10-04 10:39:15,48190.0,1
2021-10-04 10:39:18,48180.0,1
2021-10-04 10:39:18,48145.0,2
2021-10-04 10:39:18,48140.0,2
2021-10-04 10:39:18,48135.0,2
2021-10-04 10:39:18,48130.0,3
2021-10-04 10:39:18,48125.0,3
2021-10-04 10:39:18,48110.0,1
2021-10-04 10:39:18,48130.0,1
2021-10-04 10:39:19,48135.0,1
2021-10-04 10:39:19,48105.0,1
2021-10-04 10:39:19,48100.0,1
2021-10-04 10:39:19,48085.0,1
2021-10-04 10:39:19,48105.0,1
2021-10-04 10:39:19,48100.0,2
2021-10-04 10:39:20,48110.0,2
2021-10-04 10:39:21,48125.0,2
2021-10-04 10:39:21,48130.0,1
2021-10-04 10:39:22,48120.0,1
2021-10-04 10:39:27,48090.0,1
2021-10-04 10:39:28,48095.0,2
2021-10-04 10:39:28,48090.0,1
2021-10-04 10:39:28,48095.0,1
2021-10-04 10:39:28,48110.0,1
2021-10-04 10:39:29,48105.0,1
2021-10-04 10:39:29,48100.0,5
2021-10-04 10:39:33,48125.0,1
2021-10-04 10:39:34,48155.0,1
2021-10-04 10:39:36,48145.0,3
2021-10-04 10:39:36,48130.0,1
2021-10-04 10:39:41,48100.0,1
2021-10-04 10:39:42,48100.0,1
2021-10-04 10:39:42,48095.0,2
2021-10-04 10:39:56,48055.0,10
2021-10-04 10:39:56,48050.0,1
2021-10-04 10:39:56,48060.0,2
2021-10-04 10:39:56,48035.0,1
2021-10-04 10:39:56,48040.0,1
2021-10-04 10:39:56,48035.0,1
2021-10-04 10:39:59,48035.0,2
2021-10-04 10:40:02,48040.0,2
2021-10-04 10:40:02,48045.0,1
2021-10-04 10:40:07,48080.0,1
2021-10-04 10:40:15,48110.0,3
2021-10-04 10:40:18,48110.0,1
2021-10-04 10:40:30,48110.0,2
2021-10-04 10:40:56,48015.0,2
2021-10-04 10:40:59,48025.0,1
2021-10-04 10:41:08,47970.0,1
2021-10-04 10:41:08,47960.0,1
2021-10-04 10:41:08,47955.0,2
2021-10-04 10:41:08,47950.0,2
2021-10-04 10:41:08,47960.0,1
2021-10-04 10:41:09,47965.0,1
2021-10-04 10:41:11,47955.0,1
2021-10-04 10:41:11,47945.0,1
2021-10-04 10:41:11,47940.0,2
2021-10-04 10:41:12,47930.0,2
2021-10-04 10:41:25,47945.0,2
2021-10-04 10:41:29,47915.0,1
2021-10-04 10:41:29,47905.0,1
2021-10-04 10:41:29,47895.0,1
2021-10-04 10:41:31,47910.0,1
2021-10-04 10:41:33,47905.0,1
2021-10-04 10:41:34,47900.0,1
2021-10-04 10:41:34,47925.0,1
2021-10-04 10:41:37,47885.0,1
2021-10-04 10:41:42,47890.0,1
2021-10-04 10:41:42,47880.0,2
2021-10-04 10:41:43,47870.0,1
2021-10-04 10:41:47,47895.0,1
2021-10-04 10:41:47,47875.0,1
2021-10-04 10:41:49,47895.0,1
2021-10-04 10:41:52,47860.0,1
2021-10-04 10:41:53,47850.0,1
2021-10-04 10:42:02,47930.0,1
2021-10-04 10:42:03,47910.0,3
2021-10-04 10:42:03,47890.0,1
2021-10-04 10:42:04,47855.0,3
2021-10-04 10:42:04,47885.0,1
2021-10-04 10:42:04,47905.0,1
2021-10-04 10:42:04,47910.0,1
2021-10-04 10:42:04,47915.0,2
2021-10-04 10:42:04,47920.0,6
2021-10-04 10:42:04,47910.0,2
2021-10-04 10:42:04,47905.0,2
2021-10-04 10:42:06,47920.0,1
2021-10-04 10:42:06,47905.0,1
2021-10-04 10:42:11,47900.0,1
2021-10-04 10:42:12,47935.0,2
2021-10-04 10:42:16,47930.0,3
2021-10-04 10:42:17,47930.0,1
2021-10-04 10:42:25,47940.0,1
2021-10-04 10:42:29,47925.0,1
2021-10-04 10:42:32,47970.0,12
2021-10-04 10:42:32,47975.0,1
2021-10-04 10:42:32,47980.0,1
2021-10-04 10:42:32,47990.0,1
2021-10-04 10:42:32,47995.0,3
2021-10-04 10:42:33,47995.0,1
2021-10-04 10:42:33,47970.0,2
2021-10-04 10:42:51,47935.0,2
2021-10-04 10:42:56,47985.0,2
2021-10-04 10:42:56,47990.0,2
2021-10-04 10:42:56,47995.0,6
2021-10-04 10:42:56,48000.0,2
2021-10-04 10:42:56,48010.0,1
2021-10-04 10:42:56,47995.0,1
2021-10-04 10:42:56,48015.0,1
2021-10-04 10:42:56,47995.0,2
2021-10-04 10:42:56,47985.0,2
2021-10-04 10:43:00,48025.0,1
2021-10-04 10:43:03,48015.0,1
2021-10-04 10:43:06,48055.0,1
2021-10-04 10:43:06,48060.0,1
2021-10-04 10:43:07,48035.0,3
2021-10-04 10:43:07,48030.0,1
2021-10-04 10:43:07,48035.0,1
2021-10-04 10:43:08,48025.0,2
2021-10-04 10:43:16,48080.0,1
2021-10-04 10:43:16,48085.0,4
2021-10-04 10:43:18,48085.0,1
2021-10-04 10:43:30,48075.0,1
2021-10-04 10:43:30,48080.0,4
2021-10-04 10:43:52,47985.0,1
2021-10-04 10:43:53,47980.0,1
2021-10-04 10:43:53,47975.0,1
2021-10-04 10:43:54,47975.0,2
2021-10-04 10:43:55,47955.0,2
2021-10-04 10:44:01,47960.0,1
2021-10-04 10:44:01,47955.0,1
2021-10-04 10:44:25,47990.0,1
2021-10-04 10:44:32,48010.0,1
2021-10-04 10:44:32,48015.0,1
2021-10-04 10:44:32,48020.0,3
2021-10-04 10:44:32,48025.0,2
2021-10-04 10:44:32,48010.0,1
2021-10-04 10:44:32,48030.0,1
2021-10-04 10:44:32,48025.0,1
2021-10-04 10:44:32,48035.0,1
2021-10-04 10:44:32,48040.0,1
2021-10-04 10:44:32,48035.0,1
2021-10-04 10:44:32,48045.0,1
2021-10-04 10:44:40,48005.0,2
2021-10-04 10:44:55,48045.0,5
2021-10-04 10:45:44,47965.0,1
2021-10-04 10:46:02,47940.0,3
2021-10-04 10:46:04,47935.0,2
2021-10-04 10:46:04,47940.0,1
2021-10-04 10:46:06,47900.0,2
2021-10-04 10:46:18,47870.0,2
2021-10-04 10:46:21,47910.0,1
2021-10-04 10:46:22,47925.0,1
2021-10-04 10:46:22,47930.0,2
2021-10-04 10:46:24,47915.0,1
2021-10-04 10:46:42,47870.0,2
2021-10-04 10:46:43,47880.0,2
2021-10-04 10:46:48,47875.0,2
2021-10-04 10:46:57,47865.0,2
2021-10-04 10:47:00,47865.0,3
2021-10-04 10:47:00,47870.0,1
2021-10-04 10:47:03,47835.0,2
2021-10-04 10:47:04,47840.0,1
2021-10-04 10:47:10,47820.0,1
2021-10-04 10:47:17,47825.0,1
2021-10-04 10:47:17,47830.0,1
2021-10-04 10:47:20,47830.0,1
2021-10-04 10:47:20,47825.0,1
2021-10-04 10:47:28,47875.0,1
2021-10-04 10:47:28,47885.0,2
2021-10-04 10:47:29,47875.0,1
2021-10-04 10:47:29,47870.0,1
2021-10-04 10:47:32,47875.0,1
2021-10-04 10:47:52,47900.0,1
2021-10-04 10:48:39,47900.0,1
2021-10-04 10:49:27,47875.0,1
2021-10-04 10:49:50,47925.0,1
2021-10-04 10:51:16,47895.0,1
2021-10-04 10:51:29,47910.0,1
2021-10-04 10:51:29,47905.0,1
2021-10-04 10:51:29,47895.0,1
2021-10-04 10:51:29,47880.0,1
2021-10-04 10:51:29,47875.0,2
2021-10-04 10:51:29,47865.0,2
2021-10-04 10:51:29,47875.0,1
2021-10-04 10:51:29,47860.0,3
2021-10-04 10:51:29,47850.0,1
2021-10-04 10:51:29,47870.0,1
2021-10-04 10:51:29,47895.0,4
2021-10-04 10:51:29,47905.0,1
2021-10-04 10:51:29,47910.0,1
2021-10-04 10:51:29,47915.0,1
2021-10-04 10:51:29,47905.0,1
2021-10-04 10:51:30,47850.0,1
2021-10-04 10:51:35,47855.0,1
2021-10-04 10:52:04,47795.0,2
2021-10-04 10:52:05,47790.0,2
2021-10-04 10:52:05,47795.0,1
2021-10-04 10:52:18,47850.0,1
2021-10-04 10:52:23,47835.0,1
2021-10-04 10:52:23,47830.0,2
2021-10-04 10:52:23,47825.0,1
2021-10-04 10:52:35,47845.0,1
2021-10-04 10:52:50,47850.0,1
2021-10-04 10:53:15,47835.0,1
2021-10-04 10:53:34,47840.0,3
2021-10-04 10:53:34,47805.0,3
2021-10-04 10:53:39,47810.0,1
2021-10-04 10:53:47,47790.0,3
2021-10-04 10:53:50,47775.0,3
2021-10-04 10:53:51,47775.0,1
2021-10-04 10:53:51,47770.0,1
2021-10-04 10:53:51,47765.0,1
2021-10-04 10:53:51,47760.0,2
2021-10-04 10:53:58,47765.0,1
2021-10-04 10:54:00,47765.0,4
2021-10-04 10:54:00,47825.0,1
2021-10-04 10:54:00,47830.0,1
2021-10-04 10:54:02,47760.0,1
2021-10-04 10:54:02,47755.0,2
2021-10-04 10:54:02,47750.0,1
2021-10-04 10:54:02,47760.0,1
2021-10-04 10:54:02,47765.0,1
2021-10-04 10:54:02,47770.0,1
2021-10-04 10:54:02,47775.0,4
2021-10-04 10:54:08,47780.0,2
2021-10-04 10:54:45,47775.0,1
2021-10-04 10:54:47,47750.0,1
2021-10-04 10:54:47,47745.0,1
2021-10-04 10:54:47,47740.0,2
2021-10-04 10:54:47,47730.0,1
2021-10-04 10:54:48,47770.0,1
2021-10-04 10:54:48,47775.0,2
2021-10-04 10:54:53,47720.0,1
2021-10-04 10:54:55,47705.0,2
2021-10-04 10:55:16,47620.0,2
2021-10-04 10:55:16,47615.0,1
2021-10-04 10:55:16,47610.0,2
2021-10-04 10:55:17,47615.0,1
2021-10-04 10:55:17,47620.0,1
2021-10-04 10:55:21,47595.0,1
2021-10-04 10:55:21,47605.0,3
2021-10-04 10:55:21,47610.0,1
2021-10-04 10:55:33,47625.0,1
2021-10-04 10:55:34,47630.0,1
2021-10-04 10:55:36,47610.0,1
2021-10-04 10:55:42,47655.0,1
2021-10-04 10:55:47,47610.0,1
2021-10-04 10:55:52,47610.0,1
2021-10-04 10:55:57,47585.0,2
2021-10-04 10:55:57,47580.0,1
2021-10-04 10:56:01,47610.0,1
2021-10-04 10:56:45,47595.0,1
2021-10-04 10:56:55,47570.0,1
2021-10-04 10:57:02,47565.0,5
2021-10-04 10:57:03,47575.0,1
2021-10-04 10:57:10,47565.0,1
2021-10-04 10:57:18,47555.0,1
2021-10-04 10:57:35,47525.0,2
2021-10-04 10:57:37,47555.0,1
2021-10-04 10:57:47,47570.0,1
2021-10-04 10:57:54,47570.0,1
2021-10-04 10:58:04,47560.0,1
2021-10-04 10:58:05,47575.0,1
2021-10-04 10:58:05,47580.0,1
2021-10-04 10:58:15,47635.0,2
2021-10-04 10:58:23,47645.0,1
2021-10-04 10:58:25,47670.0,1
2021-10-04 10:58:25,47675.0,1
2021-10-04 10:58:53,47635.0,1
2021-10-04 10:58:56,47670.0,1
2021-10-04 10:59:00,47630.0,1
2021-10-04 10:59:30,47705.0,2
2021-10-04 10:59:55,47745.0,3
2021-10-04 11:00:05,47700.0,1
2021-10-04 11:00:06,47690.0,1
2021-10-04 11:00:08,47665.0,1
2021-10-04 11:00:48,47645.0,2
2021-10-04 11:01:06,47600.0,1
2021-10-04 11:01:32,47535.0,2
2021-10-04 11:01:39,47500.0,1
2021-10-04 11:01:41,47450.0,1
2021-10-04 11:01:41,47495.0,1
2021-10-04 11:01:41,47500.0,1
2021-10-04 11:01:43,47495.0,2
2021-10-04 11:01:44,47495.0,2
2021-10-04 11:01:46,47500.0,1
2021-10-04 11:01:47,47470.0,1
2021-10-04 11:01:47,47465.0,1
2021-10-04 11:01:48,47460.0,3
2021-10-04 11:01:48,47455.0,3
2021-10-04 11:01:51,47445.0,1
2021-10-04 11:01:55,47475.0,1
2021-10-04 11:01:55,47445.0,1
2021-10-04 11:02:13,47410.0,1
2021-10-04 11:02:13,47395.0,2
2021-10-04 11:02:17,47400.0,1
2021-10-04 11:02:18,47410.0,1
2021-10-04 11:02:22,47395.0,1
2021-10-04 11:02:25,47360.0,2
2021-10-04 11:02:25,47355.0,1
2021-10-04 11:02:25,47365.0,1
2021-10-04 11:02:26,47370.0,4
2021-10-04 11:02:27,47370.0,1
2021-10-04 11:02:31,47360.0,5
2021-10-04 11:02:31,47345.0,2
2021-10-04 11:02:33,47360.0,1
2021-10-04 11:02:33,47365.0,2
2021-10-04 11:02:33,47370.0,1
2021-10-04 11:02:35,47330.0,2
2021-10-04 11:02:40,47295.0,1
2021-10-04 11:02:40,47290.0,1
2021-10-04 11:02:41,47265.0,3
2021-10-04 11:02:42,47280.0,1
2021-10-04 11:02:44,47215.0,1
2021-10-04 11:02:44,47220.0,1
2021-10-04 11:02:45,47240.0,1
2021-10-04 11:02:45,47245.0,1
2021-10-04 11:02:45,47250.0,1
2021-10-04 11:02:46,47265.0,1
2021-10-04 11:02:46,47270.0,1
2021-10-04 11:02:46,47275.0,1
2021-10-04 11:02:46,47265.0,1
2021-10-04 11:02:46,47260.0,2
2021-10-04 11:02:46,47290.0,2
2021-10-04 11:02:46,47280.0,1
2021-10-04 11:02:48,47280.0,1
2021-10-04 11:02:48,47285.0,1
2021-10-04 11:02:50,47255.0,1
2021-10-04 11:02:50,47240.0,1
2021-10-04 11:02:51,47265.0,2
2021-10-04 11:02:52,47245.0,5
2021-10-04 11:03:03,47230.0,1
2021-10-04 11:03:04,47210.0,1
2021-10-04 11:03:04,47205.0,1
2021-10-04 11:03:10,47220.0,1
2021-10-04 11:03:12,47235.0,1
2021-10-04 11:03:12,47205.0,1
2021-10-04 11:03:12,47255.0,1
2021-10-04 11:03:15,47265.0,1
2021-10-04 11:03:16,47290.0,1
2021-10-04 11:03:17,47335.0,1
2021-10-04 11:03:19,47335.0,1
2021-10-04 11:03:27,47385.0,1
2021-10-04 11:03:27,47380.0,1
2021-10-04 11:03:39,47320.0,1
2021-10-04 11:03:39,47325.0,1
2021-10-04 11:03:39,47320.0,1
2021-10-04 11:03:41,47325.0,1
2021-10-04 11:03:41,47310.0,1
2021-10-04 11:03:41,47305.0,1
2021-10-04 11:03:45,47325.0,1
2021-10-04 11:03:50,47355.0,2
2021-10-04 11:03:52,47335.0,1
2021-10-04 11:03:52,47330.0,2
2021-10-04 11:03:52,47325.0,3
2021-10-04 11:03:52,47320.0,3
2021-10-04 11:03:52,47315.0,3
2021-10-04 11:03:52,47310.0,5
2021-10-04 11:03:52,47305.0,21
2021-10-04 11:03:52,47300.0,5
2021-10-04 11:03:52,47295.0,1
2021-10-04 11:03:52,47290.0,1
2021-10-04 11:03:52,47285.0,1
2021-10-04 11:03:52,47300.0,3
2021-10-04 11:03:52,47295.0,2
2021-10-04 11:03:52,47270.0,1
2021-10-04 11:03:52,47290.0,1
2021-10-04 11:03:52,47295.0,1
2021-10-04 11:03:52,47300.0,7
2021-10-04 11:03:52,47305.0,1
2021-10-04 11:03:52,47250.0,1
2021-10-04 11:03:52,47270.0,2
2021-10-04 11:03:53,47285.0,1
2021-10-04 11:03:53,47250.0,1
2021-10-04 11:03:53,47255.0,2
2021-10-04 11:03:53,47285.0,1
2021-10-04 11:03:53,47255.0,1
2021-10-04 11:03:53,47250.0,1
2021-10-04 11:03:53,47245.0,1
2021-10-04 11:03:53,47220.0,1
2021-10-04 11:03:53,47250.0,1
2021-10-04 11:03:53,47245.0,2
2021-10-04 11:03:53,47205.0,1
2021-10-04 11:03:53,47235.0,1
2021-10-04 11:03:54,47230.0,2
2021-10-04 11:03:54,47225.0,2
2021-10-04 11:03:54,47220.0,5
2021-10-04 11:03:54,47225.0,10
2021-10-04 11:03:54,47230.0,1
2021-10-04 11:03:55,47240.0,2
2021-10-04 11:03:55,47245.0,2
2021-10-04 11:03:56,47255.0,1
2021-10-04 11:03:58,47245.0,2
2021-10-04 11:03:58,47230.0,2
2021-10-04 11:03:59,47215.0,1
2021-10-04 11:03:59,47220.0,2
2021-10-04 11:04:00,47205.0,1
2021-10-04 11:04:01,47195.0,1
2021-10-04 11:04:01,47190.0,1
2021-10-04 11:04:02,47180.0,7
2021-10-04 11:04:03,47190.0,1
2021-10-04 11:04:04,47190.0,2
2021-10-04 11:04:04,47200.0,2
2021-10-04 11:04:04,47190.0,1
2021-10-04 11:04:05,47230.0,2
2021-10-04 11:04:06,47215.0,1
2021-10-04 11:04:07,47230.0,1
2021-10-04 11:04:08,47220.0,1
2021-10-04 11:04:13,47235.0,1
2021-10-04 11:04:13,47280.0,1
2021-10-04 11:04:13,47285.0,1
2021-10-04 11:04:16,47270.0,1
2021-10-04 11:04:25,47225.0,1
2021-10-04 11:04:25,47270.0,1
2021-10-04 11:04:29,47245.0,3
2021-10-04 11:04:29,47235.0,1
2021-10-04 11:04:29,47230.0,1
2021-10-04 11:04:31,47240.0,1
2021-10-04 11:04:38,47260.0,1
2021-10-04 11:04:38,47285.0,1
2021-10-04 11:04:38,47300.0,1
2021-10-04 11:04:42,47290.0,1
2021-10-04 11:04:44,47325.0,2
2021-10-04 11:04:44,47305.0,1
2021-10-04 11:04:45,47290.0,1
2021-10-04 11:04:55,47315.0,1
2021-10-04 11:04:56,47330.0,1
2021-10-04 11:04:56,47365.0,1
2021-10-04 11:05:02,47300.0,2
2021-10-04 11:05:03,47310.0,1
2021-10-04 11:05:08,47325.0,2
2021-10-04 11:05:18,47325.0,3
2021-10-04 11:05:21,47300.0,3
2021-10-04 11:05:22,47305.0,2
2021-10-04 11:05:33,47340.0,1
2021-10-04 11:05:38,47330.0,1
2021-10-04 11:05:48,47360.0,1
2021-10-04 11:05:58,47435.0,1
2021-10-04 11:05:58,47440.0,2
2021-10-04 11:05:59,47445.0,1
2021-10-04 11:06:02,47500.0,1
2021-10-04 11:06:03,47475.0,1
2021-10-04 11:06:35,47460.0,1
2021-10-04 11:06:46,47520.0,3
2021-10-04 11:06:52,47535.0,1
2021-10-04 11:06:53,47500.0,1
2021-10-04 11:07:02,47430.0,2
2021-10-04 11:07:02,47455.0,1
2021-10-04 11:07:02,47465.0,1
2021-10-04 11:07:03,47490.0,1
2021-10-04 11:07:25,47435.0,1
2021-10-04 11:08:05,47480.0,1
2021-10-04 11:08:18,47455.0,1
2021-10-04 11:08:47,47395.0,1
2021-10-04 11:08:49,47410.0,1
2021-10-04 11:09:23,47480.0,5
2021-10-04 11:09:53,47420.0,1
2021-10-04 11:09:53,47425.0,1
2021-10-04 11:10:36,47535.0,1
2021-10-04 11:10:42,47520.0,1
2021-10-04 11:11:52,47675.0,1
2021-10-04 11:12:01,47580.0,1
2021-10-04 11:12:07,47620.0,1
2021-10-04 11:12:10,47620.0,3
2021-10-04 11:12:45,47715.0,2
2021-10-04 11:12:45,47720.0,1
2021-10-04 11:12:57,47730.0,1
2021-10-04 11:12:57,47745.0,1
2021-10-04 11:12:57,47755.0,3
2021-10-04 11:13:01,47720.0,2
2021-10-04 11:13:03,47685.0,1
2021-10-04 11:13:34,47750.0,1
2021-10-04 11:13:35,47765.0,1
2021-10-04 11:13:46,47760.0,1
2021-10-04 11:13:50,47755.0,1
2021-10-04 11:13:51,47790.0,2
2021-10-04 11:13:51,47795.0,2
2021-10-04 11:13:51,47800.0,3
2021-10-04 11:14:08,47875.0,2
2021-10-04 11:14:35,47770.0,1
2021-10-04 11:14:58,47810.0,2
2021-10-04 11:15:35,47890.0,1
2021-10-04 11:15:35,47895.0,2
2021-10-04 11:15:35,47900.0,2
2021-10-04 11:15:35,47885.0,1
2021-10-04 11:15:36,47920.0,4
2021-10-04 11:15:44,47910.0,1
2021-10-04 11:15:50,47940.0,1
2021-10-04 11:16:28,47785.0,1
2021-10-04 11:16:40,47795.0,1
2021-10-04 11:16:43,47805.0,1
2021-10-04 11:16:56,47770.0,3
2021-10-04 11:17:40,47855.0,1
2021-10-04 11:17:59,47800.0,1
2021-10-04 11:18:05,47775.0,1
2021-10-04 11:18:34,47815.0,1
2021-10-04 11:19:25,47790.0,1
2021-10-04 11:19:29,47835.0,1
2021-10-04 11:20:04,47860.0,1
2021-10-04 11:20:06,47820.0,1
2021-10-04 11:20:39,47800.0,2
2021-10-04 11:21:06,47810.0,1
2021-10-04 11:21:23,47765.0,1
2021-10-04 11:21:32,47760.0,1
2021-10-04 11:21:34,47765.0,1
2021-10-04 11:21:34,47770.0,1
2021-10-04 11:22:09,47790.0,1
2021-10-04 11:22:43,47705.0,1
2021-10-04 11:23:05,47670.0,3
2021-10-04 11:23:05,47675.0,2
2021-10-04 11:23:05,47680.0,2
2021-10-04 11:23:05,47685.0,1
2021-10-04 11:23:05,47690.0,1
2021-10-04 11:23:05,47670.0,1
2021-10-04 11:23:05,47675.0,1
2021-10-04 11:23:05,47695.0,2
2021-10-04 11:23:18,47710.0,1
2021-10-04 11:23:44,47695.0,1
2021-10-04 11:23:44,47700.0,3
2021-10-04 11:24:22,47690.0,1
2021-10-04 11:25:38,47670.0,2
2021-10-04 11:25:38,47665.0,1
2021-10-04 11:25:52,47645.0,1
2021-10-04 11:26:30,47680.0,3
2021-10-04 11:26:47,47720.0,1
2021-10-04 11:26:47,47725.0,1
2021-10-04 11:26:47,47735.0,1
2021-10-04 11:26:48,47720.0,2
2021-10-04 11:26:48,47715.0,2
2021-10-04 11:27:42,47770.0,1
2021-10-04 11:28:15,47735.0,6
2021-10-04 11:30:26,47820.0,3
2021-10-04 11:31:05,47810.0,1
2021-10-04 11:31:13,47795.0,1
2021-10-04 11:31:55,47770.0,3
2021-10-04 11:32:02,47795.0,1
2021-10-04 11:32:02,47815.0,1
2021-10-04 11:32:02,47835.0,2
2021-10-04 11:33:08,47860.0,3
2021-10-04 11:33:08,47850.0,1
2021-10-04 11:33:35,47850.0,1
2021-10-04 11:33:35,47845.0,1
2021-10-04 11:33:38,47845.0,2
2021-10-04 11:33:38,47850.0,1
2021-10-04 11:34:32,47870.0,1
2021-10-04 11:34:32,47875.0,1
2021-10-04 11:35:23,47925.0,1
2021-10-04 11:38:05,47885.0,2
2021-10-04 11:38:36,47845.0,3
2021-10-04 11:38:44,47870.0,1
2021-10-04 11:39:08,47850.0,1
2021-10-04 11:39:09,47835.0,1
2021-10-04 11:47:03,47950.0,1
2021-10-04 11:47:03,47945.0,1
2021-10-04 11:48:01,47940.0,1
2021-10-04 11:48:53,47945.0,5
2021-10-04 11:49:03,47955.0,1
2021-10-04 11:49:16,47995.0,1
2021-10-04 11:49:57,47985.0,1
2021-10-04 11:50:29,47970.0,1
2021-10-04 11:51:33,47910.0,1
2021-10-04 11:53:21,47920.0,1
2021-10-04 11:54:36,47950.0,1
2021-10-04 11:54:42,47965.0,1
2021-10-04 11:54:47,47960.0,1
2021-10-04 11:54:54,47960.0,1
2021-10-04 11:54:55,47955.0,1
2021-10-04 11:54:58,47945.0,1
2021-10-04 11:54:59,47935.0,1
2021-10-04 11:55:15,47885.0,1
2021-10-04 11:55:57,47870.0,1
2021-10-04 11:55:57,47875.0,1
2021-10-04 11:55:57,47870.0,1
2021-10-04 11:55:57,47875.0,1
2021-10-04 11:56:58,47870.0,1
2021-10-04 11:58:56,47945.0,5
2021-10-04 11:59:01,48000.0,1
2021-10-04 11:59:03,47990.0,2
2021-10-04 11:59:08,48010.0,2
2021-10-04 11:59:08,48015.0,3
2021-10-04 11:59:08,48020.0,3
2021-10-04 11:59:08,48035.0,1
2021-10-04 11:59:08,48025.0,1
2021-10-04 11:59:08,48030.0,1
2021-10-04 11:59:08,48040.0,1
2021-10-04 11:59:09,48020.0,1
2021-10-04 11:59:11,48045.0,1
2021-10-04 11:59:13,48030.0,1
2021-10-04 11:59:17,48035.0,1
2021-10-04 11:59:25,48045.0,1
2021-10-04 11:59:38,48100.0,1
2021-10-04 11:59:42,48115.0,1
2021-10-04 11:59:57,48085.0,1
2021-10-04 12:00:40,48060.0,1
2021-10-04 12:00:49,48050.0,1
2021-10-04 12:01:10,48080.0,1
2021-10-04 12:03:51,48150.0,1
2021-10-04 12:04:46,48070.0,1
2021-10-04 12:05:01,48075.0,1
2021-10-04 12:05:02,48110.0,1
2021-10-04 12:05:03,48145.0,1
2021-10-04 12:06:10,48180.0,1
2021-10-04 12:06:40,48200.0,6
2021-10-04 12:06:40,48220.0,1
2021-10-04 12:07:09,48210.0,1
2021-10-04 12:07:23,48260.0,1
2021-10-04 12:07:29,48265.0,1
2021-10-04 12:07:29,48270.0,2
2021-10-04 12:07:31,48300.0,1
2021-10-04 12:07:43,48310.0,1
2021-10-04 12:07:46,48340.0,3
2021-10-04 12:07:52,48300.0,2
2021-10-04 12:08:29,48285.0,1
2021-10-04 12:08:36,48280.0,1
2021-10-04 12:08:39,48310.0,1
2021-10-04 12:09:13,48315.0,1
2021-10-04 12:13:19,48400.0,1
2021-10-04 12:13:34,48430.0,1
2021-10-04 12:13:38,48395.0,1
2021-10-04 12:13:40,48410.0,1
2021-10-04 12:14:50,48485.0,1
2021-10-04 12:15:05,48520.0,1
2021-10-04 12:15:06,48535.0,1
2021-10-04 12:15:06,48550.0,5
2021-10-04 12:15:06,48540.0,1
2021-10-04 12:15:07,48540.0,1
2021-10-04 12:15:07,48535.0,2
2021-10-04 12:15:08,48525.0,1
2021-10-04 12:15:09,48490.0,1
2021-10-04 12:15:11,48505.0,1
2021-10-04 12:15:14,48555.0,1
2021-10-04 12:15:33,48615.0,2
2021-10-04 12:15:41,48595.0,1
2021-10-04 12:15:48,48605.0,1
2021-10-04 12:15:51,48575.0,1
2021-10-04 12:16:11,48620.0,1
2021-10-04 12:16:11,48625.0,2
2021-10-04 12:16:11,48630.0,4
2021-10-04 12:16:11,48635.0,3
2021-10-04 12:16:11,48640.0,24
2021-10-04 12:16:11,48645.0,1
2021-10-04 12:16:11,48640.0,3
2021-10-04 12:16:11,48645.0,1
2021-10-04 12:16:11,48655.0,1
2021-10-04 12:16:11,48645.0,1
2021-10-04 12:16:11,48640.0,2
2021-10-04 12:16:11,48645.0,2
2021-10-04 12:16:11,48640.0,5
2021-10-04 12:16:11,48645.0,2
2021-10-04 12:16:11,48655.0,2
2021-10-04 12:16:12,48700.0,1
2021-10-04 12:16:13,48720.0,2
2021-10-04 12:16:14,48730.0,2
2021-10-04 12:16:14,48720.0,1
2021-10-04 12:16:18,48695.0,1
2021-10-04 12:16:20,48670.0,1
2021-10-04 12:16:30,48700.0,3
2021-10-04 12:16:35,48705.0,2
2021-10-04 12:16:35,48715.0,1
2021-10-04 12:16:35,48725.0,3
2021-10-04 12:16:45,48690.0,1
2021-10-04 12:16:50,48675.0,1
2021-10-04 12:17:24,48580.0,1
2021-10-04 12:18:21,48600.0,2
2021-10-04 12:18:24,48615.0,1
2021-10-04 12:19:00,48670.0,1
2021-10-04 12:19:00,48665.0,1
2021-10-04 12:19:01,48635.0,1
2021-10-04 12:19:13,48620.0,1
2021-10-04 12:19:15,48630.0,2
2021-10-04 12:19:18,48680.0,1
2021-10-04 12:19:29,48680.0,1
2021-10-04 12:19:30,48685.0,1
2021-10-04 12:19:30,48690.0,1
2021-10-04 12:19:48,48675.0,1
2021-10-04 12:19:48,48685.0,2
2021-10-04 12:19:48,48690.0,3
2021-10-04 12:19:48,48705.0,1
2021-10-04 12:19:48,48710.0,2
2021-10-04 12:19:48,48715.0,2
2021-10-04 12:19:49,48750.0,3
2021-10-04 12:19:49,48755.0,1
2021-10-04 12:19:49,48780.0,1
2021-10-04 12:19:49,48775.0,2
2021-10-04 12:19:49,48770.0,1
2021-10-04 12:19:49,48765.0,2
2021-10-04 12:19:49,48825.0,3
2021-10-04 12:19:49,48785.0,1
2021-10-04 12:19:49,48815.0,1
2021-10-04 12:19:51,48810.0,1
2021-10-04 12:19:51,48820.0,1
2021-10-04 12:19:51,48825.0,1
2021-10-04 12:19:51,48830.0,1
2021-10-04 12:19:51,48815.0,1
2021-10-04 12:19:51,48800.0,1
2021-10-04 12:19:55,48880.0,1
2021-10-04 12:19:55,48885.0,1
2021-10-04 12:19:57,48935.0,2
2021-10-04 12:19:57,48940.0,1
2021-10-04 12:19:57,48945.0,1
2021-10-04 12:19:57,48960.0,1
2021-10-04 12:19:58,48995.0,1
2021-10-04 12:19:58,48990.0,1
2021-10-04 12:19:58,49000.0,3
2021-10-04 12:19:59,49010.0,2
2021-10-04 12:19:59,49005.0,2
2021-10-04 12:19:59,49015.0,1
2021-10-04 12:20:02,49075.0,1
2021-10-04 12:20:02,49090.0,1
2021-10-04 12:20:02,49075.0,2
2021-10-04 12:20:03,49035.0,1
2021-10-04 12:20:03,49030.0,1
2021-10-04 12:20:03,48960.0,1
2021-10-04 12:20:04,48985.0,1
2021-10-04 12:20:06,48950.0,1
2021-10-04 12:20:06,48960.0,1
2021-10-04 12:20:06,48975.0,1
2021-10-04 12:20:06,48980.0,1
2021-10-04 12:20:06,48985.0,1
2021-10-04 12:20:06,49000.0,1
2021-10-04 12:20:11,49040.0,1
2021-10-04 12:20:12,49040.0,1
2021-10-04 12:20:12,49035.0,1
2021-10-04 12:20:12,49025.0,1
2021-10-04 12:20:12,48995.0,1
2021-10-04 12:20:14,49045.0,1
2021-10-04 12:20:19,49170.0,1
2021-10-04 12:20:19,49190.0,1
2021-10-04 12:20:20,49175.0,1
2021-10-04 12:20:20,49130.0,1
2021-10-04 12:20:21,49105.0,1
2021-10-04 12:20:21,49100.0,1
2021-10-04 12:20:21,49095.0,1
2021-10-04 12:20:21,49075.0,1
2021-10-04 12:20:21,49085.0,1
2021-10-04 12:20:21,49105.0,3
2021-10-04 12:20:21,49115.0,1
2021-10-04 12:20:21,49120.0,3
2021-10-04 12:20:21,49105.0,1
2021-10-04 12:20:22,49130.0,1
2021-10-04 12:20:25,49170.0,1
2021-10-04 12:20:31,49115.0,2
2021-10-04 12:20:31,49090.0,1
2021-10-04 12:20:31,49085.0,3
2021-10-04 12:20:31,49080.0,1
2021-10-04 12:20:31,49060.0,1
2021-10-04 12:20:33,48985.0,1
2021-10-04 12:20:35,48990.0,2
2021-10-04 12:20:35,48995.0,2
2021-10-04 12:20:35,48985.0,1
2021-10-04 12:20:37,48990.0,1
2021-10-04 12:20:38,48950.0,1
2021-10-04 12:20:38,48940.0,1
2021-10-04 12:20:38,48945.0,2
2021-10-04 12:20:41,48960.0,1
2021-10-04 12:20:43,48965.0,1
2021-10-04 12:20:45,48900.0,1
2021-10-04 12:20:45,48890.0,1
2021-10-04 12:20:46,48870.0,1
2021-10-04 12:20:46,48905.0,1
2021-10-04 12:20:48,48900.0,1
2021-10-04 12:20:51,48885.0,1
2021-10-04 12:20:54,48905.0,1
2021-10-04 12:20:54,48910.0,1
2021-10-04 12:20:55,48890.0,1
2021-10-04 12:21:00,48950.0,1
2021-10-04 12:21:00,48935.0,1
2021-10-04 12:21:01,48945.0,1
2021-10-04 12:21:02,48890.0,1
2021-10-04 12:21:24,48865.0,1
2021-10-04 12:21:40,48845.0,2
2021-10-04 12:21:40,48850.0,1
2021-10-04 12:21:40,48875.0,1
2021-10-04 12:21:40,48860.0,2
2021-10-04 12:21:40,48855.0,1
2021-10-04 12:21:41,48855.0,2
2021-10-04 12:21:42,48845.0,1
2021-10-04 12:21:53,48855.0,1
2021-10-04 12:21:56,48880.0,1
2021-10-04 12:22:21,48885.0,1
2021-10-04 12:22:45,48920.0,1
2021-10-04 12:22:45,48925.0,1
2021-10-04 12:22:45,48940.0,1
2021-10-04 12:22:45,48945.0,1
2021-10-04 12:22:45,48975.0,1
2021-10-04 12:22:45,48985.0,1
2021-10-04 12:22:47,48970.0,1
2021-10-04 12:22:53,49010.0,1
2021-10-04 12:22:53,49040.0,4
2021-10-04 12:23:03,49035.0,2
2021-10-04 12:23:13,48935.0,1
2021-10-04 12:23:14,48910.0,2
2021-10-04 12:23:21,48955.0,2
2021-10-04 12:23:47,48935.0,1
2021-10-04 12:23:58,48940.0,1
2021-10-04 12:24:07,48905.0,1
2021-10-04 12:24:18,48870.0,1
2021-10-04 12:24:37,48880.0,1
2021-10-04 12:24:49,48915.0,2
2021-10-04 12:24:49,48890.0,1
2021-10-04 12:26:38,48995.0,2
2021-10-04 12:27:13,48925.0,1
2021-10-04 12:27:23,48900.0,2
2021-10-04 12:27:23,48905.0,1
2021-10-04 12:27:25,48950.0,1
2021-10-04 12:27:25,48955.0,1
2021-10-04 12:27:25,48960.0,1
2021-10-04 12:27:25,48965.0,2
2021-10-04 12:27:25,48970.0,2
2021-10-04 12:27:25,48975.0,2
2021-10-04 12:27:34,48955.0,1
2021-10-04 12:27:34,48970.0,1
2021-10-04 12:27:39,48930.0,1
2021-10-04 12:28:48,48970.0,2
2021-10-04 12:28:51,48955.0,2
2021-10-04 12:28:57,48930.0,1
2021-10-04 12:30:34,49140.0,1
2021-10-04 12:30:34,49145.0,2
2021-10-04 12:30:34,49175.0,1
2021-10-04 12:30:34,49170.0,1
2021-10-04 12:30:34,49155.0,1
2021-10-04 12:30:35,49095.0,1
2021-10-04 12:30:35,49145.0,2
2021-10-04 12:30:56,49195.0,1
2021-10-04 12:30:56,49200.0,1
2021-10-04 12:30:56,49210.0,1
2021-10-04 12:30:56,49215.0,2
2021-10-04 12:30:56,49220.0,2
2021-10-04 12:30:57,49210.0,1
2021-10-04 12:30:57,49205.0,1
2021-10-04 12:31:01,49275.0,1
2021-10-04 12:31:01,49260.0,2
2021-10-04 12:31:01,49255.0,1
2021-10-04 12:31:12,49150.0,1
2021-10-04 12:31:28,49165.0,1
2021-10-04 12:31:54,49150.0,1
2021-10-04 12:31:58,49100.0,1
2021-10-04 12:32:25,49155.0,1
2021-10-04 12:35:11,49065.0,1
2021-10-04 12:35:27,49060.0,1
2021-10-04 12:36:27,49150.0,1
2021-10-04 12:36:51,49125.0,1
2021-10-04 12:36:51,49120.0,1
2021-10-04 12:37:02,49180.0,1
2021-10-04 12:37:02,49185.0,1
2021-10-04 12:37:09,49170.0,1
2021-10-04 12:37:09,49180.0,1
2021-10-04 12:37:09,49185.0,2
2021-10-04 12:37:09,49190.0,3
2021-10-04 12:37:09,49200.0,3
2021-10-04 12:37:09,49205.0,1
2021-10-04 12:37:09,49195.0,1
2021-10-04 12:37:14,49185.0,2
2021-10-04 12:37:14,49180.0,2
2021-10-04 12:37:14,49175.0,2
2021-10-04 12:37:41,49135.0,1
2021-10-04 12:38:07,49155.0,1
2021-10-04 12:38:12,49135.0,1
2021-10-04 12:38:21,49125.0,1
2021-10-04 12:38:24,49080.0,1
2021-10-04 12:38:42,49140.0,1
2021-10-04 12:40:55,48975.0,1
2021-10-04 12:41:15,48915.0,1
2021-10-04 12:41:15,48895.0,1
2021-10-04 12:42:53,48950.0,1
2021-10-04 12:44:49,48890.0,1
2021-10-04 12:45:07,48830.0,1
2021-10-04 12:45:07,48800.0,1
2021-10-04 12:45:07,48785.0,1
2021-10-04 12:45:07,48780.0,10
2021-10-04 12:45:07,48795.0,2
2021-10-04 12:45:07,48785.0,1
2021-10-04 12:45:09,48800.0,1
2021-10-04 12:45:47,48770.0,1
2021-10-04 12:46:46,48920.0,1
2021-10-04 12:47:01,48940.0,1
2021-10-04 12:47:48,48880.0,1
2021-10-04 12:48:22,48875.0,2
2021-10-04 12:48:23,48870.0,1
2021-10-04 12:49:30,48930.0,1
2021-10-04 12:50:13,49000.0,1
2021-10-04 12:51:01,49050.0,1
2021-10-04 12:51:01,49085.0,2
2021-10-04 12:51:01,49090.0,1
2021-10-04 12:51:01,49095.0,3
2021-10-04 12:51:01,49100.0,4
2021-10-04 12:51:01,49105.0,1
2021-10-04 12:51:05,49045.0,1
2021-10-04 12:51:05,49040.0,1
2021-10-04 12:51:18,49050.0,1
2021-10-04 12:52:07,48980.0,1
2021-10-04 12:52:18,48950.0,1
2021-10-04 12:52:18,48945.0,1
2021-10-04 12:52:37,48950.0,1
2021-10-04 12:53:12,48925.0,1
2021-10-04 12:53:46,48915.0,1
2021-10-04 12:53:48,48895.0,1
2021-10-04 12:54:20,48905.0,2
2021-10-04 12:54:55,48905.0,1
2021-10-04 12:55:18,48875.0,1
2021-10-04 12:55:30,48920.0,1
2021-10-04 12:56:04,48920.0,1
2021-10-04 12:56:22,48950.0,1
2021-10-04 12:56:35,49000.0,1
2021-10-04 12:56:35,49005.0,1
2021-10-04 12:56:35,48955.0,1
2021-10-04 12:57:34,48975.0,1
2021-10-04 12:57:34,48980.0,2
2021-10-04 12:57:34,48985.0,1
2021-10-04 12:57:49,48970.0,2
2021-10-04 12:59:27,48950.0,2
2021-10-04 12:59:35,48975.0,1
2021-10-04 12:59:35,48925.0,1
2021-10-04 12:59:45,48935.0,1
2021-10-04 12:59:45,48930.0,1
2021-10-04 13:00:01,48940.0,1
2021-10-04 13:00:01,48945.0,1
2021-10-04 13:00:01,48960.0,1
2021-10-04 13:00:03,49005.0,1
2021-10-04 13:00:03,49015.0,1
2021-10-04 13:00:21,49015.0,1
2021-10-04 13:00:42,48990.0,1
2021-10-04 13:01:37,49010.0,1
2021-10-04 13:01:52,49000.0,1
2021-10-04 13:02:42,49040.0,1
2021-10-04 13:03:57,48950.0,1
2021-10-04 13:04:22,48905.0,3
2021-10-04 13:04:24,48880.0,1
2021-10-04 13:04:41,48860.0,1
2021-10-04 13:04:46,48850.0,2
2021-10-04 13:04:49,48795.0,1
2021-10-04 13:04:49,48805.0,1
2021-10-04 13:04:49,48790.0,1
2021-10-04 13:04:49,48780.0,3
2021-10-04 13:04:53,48740.0,1
2021-10-04 13:04:53,48725.0,1
2021-10-04 13:04:53,48720.0,3
2021-10-04 13:04:53,48715.0,4
2021-10-04 13:04:53,48710.0,4
2021-10-04 13:04:53,48730.0,2
2021-10-04 13:04:53,48735.0,1
2021-10-04 13:04:56,48700.0,1
2021-10-04 13:04:57,48695.0,2
2021-10-04 13:04:57,48700.0,2
2021-10-04 13:04:57,48720.0,1
2021-10-04 13:05:04,48675.0,1
2021-10-04 13:05:07,48710.0,1
2021-10-04 13:05:21,48690.0,1
2021-10-04 13:05:34,48615.0,4
2021-10-04 13:05:48,48635.0,1
2021-10-04 13:05:51,48595.0,4
2021-10-04 13:06:04,48575.0,1
2021-10-04 13:07:08,48715.0,1
2021-10-04 13:08:17,48725.0,1
2021-10-04 13:08:17,48680.0,1
2021-10-04 13:08:21,48735.0,1
2021-10-04 13:08:38,48800.0,1
2021-10-04 13:08:53,48785.0,1
2021-10-04 13:08:55,48755.0,1
2021-10-04 13:09:21,48835.0,1
2021-10-04 13:09:21,48845.0,1
2021-10-04 13:09:29,48850.0,1
2021-10-04 13:09:44,48860.0,1
2021-10-04 13:09:45,48870.0,1
2021-10-04 13:09:52,48895.0,1
2021-10-04 13:09:57,48865.0,1
2021-10-04 13:10:03,48865.0,1
2021-10-04 13:10:14,48835.0,1
2021-10-04 13:10:14,48805.0,1
2021-10-04 13:10:17,48810.0,1
2021-10-04 13:10:43,48835.0,3
2021-10-04 13:10:43,48840.0,2
2021-10-04 13:10:58,48795.0,1
2021-10-04 13:10:58,48780.0,1
2021-10-04 13:10:58,48750.0,3
2021-10-04 13:10:58,48725.0,1
2021-10-04 13:10:58,48705.0,1
2021-10-04 13:10:58,48735.0,1
2021-10-04 13:11:43,48795.0,1
2021-10-04 13:11:43,48790.0,1
2021-10-04 13:12:26,48730.0,2
2021-10-04 13:13:00,48740.0,1
2021-10-04 13:13:02,48760.0,1
2021-10-04 13:13:27,48715.0,1
2021-10-04 13:13:37,48745.0,1
2021-10-04 13:13:56,48760.0,1
2021-10-04 13:14:10,48715.0,1
2021-10-04 13:14:12,48775.0,2
2021-10-04 13:16:01,48700.0,1
2021-10-04 13:17:39,48770.0,2
2021-10-04 13:18:24,48790.0,1
2021-10-04 13:18:42,48750.0,1
2021-10-04 13:18:52,48730.0,1
2021-10-04 13:20:14,48790.0,3
2021-10-04 13:20:14,48810.0,4
2021-10-04 13:22:51,48750.0,1
2021-10-04 13:23:20,48830.0,1
2021-10-04 13:23:25,48830.0,1
2021-10-04 13:23:58,48845.0,1
2021-10-04 13:23:58,48850.0,1
2021-10-04 13:24:18,48875.0,1
2021-10-04 13:24:41,48860.0,1
2021-10-04 13:25:16,48870.0,1
2021-10-04 13:25:17,48895.0,1
2021-10-04 13:25:50,48890.0,1
2021-10-04 13:26:22,48955.0,1
2021-10-04 13:26:22,48960.0,1
2021-10-04 13:26:39,48945.0,1
2021-10-04 13:26:49,48935.0,1
2021-10-04 13:27:20,48975.0,2
2021-10-04 13:27:20,48980.0,1
2021-10-04 13:27:20,48975.0,1
2021-10-04 13:27:37,48960.0,1
2021-10-04 13:27:45,48960.0,1
2021-10-04 13:27:54,48910.0,1
2021-10-04 13:28:07,48930.0,2
2021-10-04 13:28:24,48880.0,3
2021-10-04 13:28:26,48880.0,2
2021-10-04 13:28:33,48895.0,2
2021-10-04 13:28:33,48900.0,2
2021-10-04 13:28:33,48850.0,1
2021-10-04 13:28:36,48840.0,1
2021-10-04 13:28:49,48905.0,1
2021-10-04 13:29:04,48925.0,1
2021-10-04 13:30:21,48990.0,1
2021-10-04 13:30:57,48995.0,2
2021-10-04 13:31:04,49065.0,1
2021-10-04 13:31:04,49070.0,1
2021-10-04 13:31:22,49030.0,1
2021-10-04 13:31:26,49020.0,1
2021-10-04 13:31:31,49035.0,1
2021-10-04 13:31:31,49040.0,1
2021-10-04 13:31:32,49035.0,1
2021-10-04 13:31:32,49050.0,1
2021-10-04 13:32:00,49075.0,1
2021-10-04 13:32:47,49220.0,1
2021-10-04 13:32:59,49225.0,1
2021-10-04 13:32:59,49220.0,1
2021-10-04 13:33:15,49165.0,1
2021-10-04 13:33:33,49150.0,1
2021-10-04 13:34:40,49195.0,1
2021-10-04 13:34:40,49175.0,1
2021-10-04 13:34:41,49175.0,1
2021-10-04 13:36:01,49195.0,2
2021-10-04 13:36:01,49200.0,2
2021-10-04 13:36:01,49205.0,1
2021-10-04 13:36:06,49215.0,1
2021-10-04 13:36:12,49240.0,1
2021-10-04 13:36:19,49245.0,1
2021-10-04 13:36:38,49245.0,1
2021-10-04 13:36:41,49205.0,1
2021-10-04 13:36:42,49255.0,1
2021-10-04 13:37:04,49300.0,1
2021-10-04 13:37:04,49310.0,2
2021-10-04 13:37:04,49320.0,2
2021-10-04 13:37:04,49315.0,1
2021-10-04 13:37:04,49310.0,1
2021-10-04 13:37:07,49300.0,1
2021-10-04 13:37:08,49320.0,1
2021-10-04 13:37:20,49320.0,1
2021-10-04 13:37:20,49310.0,1
2021-10-04 13:37:21,49350.0,1
2021-10-04 13:37:32,49380.0,2
2021-10-04 13:37:32,49385.0,1
2021-10-04 13:37:32,49390.0,2
2021-10-04 13:37:32,49400.0,1
2021-10-04 13:37:32,49405.0,1
2021-10-04 13:37:32,49415.0,1
2021-10-04 13:37:33,49395.0,1
2021-10-04 13:37:33,49385.0,1
2021-10-04 13:37:33,49380.0,1
2021-10-04 13:37:33,49370.0,2
2021-10-04 13:37:34,49380.0,1
2021-10-04 13:37:35,49380.0,1
2021-10-04 13:37:38,49385.0,2
2021-10-04 13:37:44,49370.0,1
2021-10-04 13:37:44,49380.0,1
2021-10-04 13:37:45,49375.0,1
2021-10-04 13:37:49,49370.0,1
2021-10-04 13:37:50,49370.0,3
2021-10-04 13:37:57,49340.0,1
2021-10-04 13:38:01,49345.0,1
2021-10-04 13:38:01,49305.0,1
2021-10-04 13:38:01,49295.0,1
2021-10-04 13:38:01,49285.0,2
2021-10-04 13:38:02,49295.0,1
2021-10-04 13:38:15,49375.0,1
2021-10-04 13:38:16,49345.0,2
2021-10-04 13:38:28,49335.0,1
2021-10-04 13:38:30,49390.0,1
2021-10-04 13:38:44,49420.0,1
2021-10-04 13:38:44,49435.0,1
2021-10-04 13:38:44,49440.0,2
2021-10-04 13:38:46,49455.0,2
2021-10-04 13:38:46,49460.0,1
2021-10-04 13:38:48,49460.0,1
2021-10-04 13:38:48,49455.0,1
2021-10-04 13:38:50,49425.0,1
2021-10-04 13:39:00,49495.0,2
2021-10-04 13:39:00,49500.0,2
2021-10-04 13:39:03,49515.0,1
2021-10-04 13:39:05,49500.0,2
2021-10-04 13:39:11,49460.0,1
2021-10-04 13:39:12,49475.0,1
2021-10-04 13:39:12,49495.0,2
2021-10-04 13:39:17,49450.0,1
2021-10-04 13:39:31,49475.0,1
2021-10-04 13:39:31,49495.0,1
2021-10-04 13:39:34,49470.0,1
2021-10-04 13:39:42,49465.0,1
2021-10-04 13:39:55,49435.0,1
2021-10-04 13:39:55,49380.0,1
2021-10-04 13:39:56,49420.0,1
2021-10-04 13:40:00,49430.0,1
2021-10-04 13:40:04,49405.0,2
2021-10-04 13:40:04,49345.0,1
2021-10-04 13:40:22,49410.0,1
2021-10-04 13:40:30,49390.0,1
2021-10-04 13:40:31,49355.0,2
2021-10-04 13:41:10,49340.0,1
2021-10-04 13:41:52,49380.0,2
2021-10-04 13:41:52,49375.0,1
2021-10-04 13:42:24,49395.0,1
2021-10-04 13:42:25,49380.0,1
2021-10-04 13:43:09,49360.0,1
2021-10-04 13:43:23,49325.0,1
2021-10-04 13:43:28,49315.0,1
2021-10-04 13:43:38,49330.0,1
2021-10-04 13:45:15,49270.0,1
2021-10-04 13:45:18,49285.0,1
2021-10-04 13:45:50,49280.0,2
2021-10-04 13:46:02,49290.0,1
2021-10-04 13:46:07,49295.0,1
2021-10-04 13:46:29,49325.0,1
2021-10-04 13:46:48,49275.0,1
2021-10-04 13:46:49,49290.0,1
2021-10-04 13:46:52,49300.0,1
2021-10-04 13:46:52,49315.0,1
2021-10-04 13:46:53,49295.0,1
2021-10-04 13:47:59,49320.0,1
2021-10-04 13:48:33,49280.0,1
2021-10-04 13:48:33,49275.0,1
2021-10-04 13:48:57,49305.0,1
2021-10-04 13:49:08,49315.0,1
2021-10-04 13:49:58,49375.0,1
2021-10-04 13:49:58,49350.0,1
2021-10-04 13:49:58,49345.0,1
2021-10-04 13:49:58,49375.0,1
2021-10-04 13:50:21,49410.0,1
2021-10-04 13:50:31,49440.0,2
2021-10-04 13:50:41,49435.0,1
2021-10-04 13:51:06,49495.0,2
2021-10-04 13:51:06,49505.0,2
2021-10-04 13:51:06,49510.0,1
2021-10-04 13:51:06,49500.0,1
2021-10-04 13:51:06,49515.0,1
2021-10-04 13:51:06,49520.0,1
2021-10-04 13:51:06,49515.0,2
2021-10-04 13:51:13,49510.0,1
2021-10-04 13:51:13,49500.0,1
2021-10-04 13:51:13,49515.0,1
2021-10-04 13:51:16,49520.0,1
2021-10-04 13:51:18,49520.0,2
2021-10-04 13:51:22,49475.0,2
2021-10-04 13:51:25,49495.0,2
2021-10-04 13:51:25,49500.0,1
2021-10-04 13:51:36,49515.0,1
2021-10-04 13:51:39,49470.0,1
2021-10-04 13:51:39,49465.0,1
2021-10-04 13:51:42,49535.0,1
2021-10-04 13:51:42,49540.0,1
2021-10-04 13:52:06,49500.0,1
2021-10-04 13:52:14,49550.0,1
2021-10-04 13:52:14,49590.0,1
2021-10-04 13:52:21,49540.0,1
2021-10-04 13:52:21,49545.0,1
2021-10-04 13:52:22,49545.0,1
2021-10-04 13:52:22,49580.0,1
2021-10-04 13:52:36,49595.0,1
2021-10-04 13:52:38,49600.0,1
2021-10-04 13:52:38,49615.0,1
2021-10-04 13:52:39,49625.0,1
2021-10-04 13:52:39,49620.0,1
2021-10-04 13:52:40,49610.0,1
2021-10-04 13:52:41,49655.0,1
2021-10-04 13:52:44,49660.0,1
2021-10-04 13:52:44,49665.0,1
2021-10-04 13:52:44,49685.0,1
2021-10-04 13:52:44,49690.0,1
2021-10-04 13:52:44,49695.0,1
2021-10-04 13:52:44,49715.0,1
2021-10-04 13:52:44,49720.0,1
2021-10-04 13:52:44,49735.0,1
2021-10-04 13:52:44,49730.0,1
2021-10-04 13:52:44,49735.0,1
2021-10-04 13:52:45,49735.0,1
2021-10-04 13:52:45,49720.0,2
2021-10-04 13:52:45,49745.0,1
2021-10-04 13:52:45,49750.0,1
2021-10-04 13:52:45,49785.0,1
2021-10-04 13:52:45,49795.0,1
2021-10-04 13:52:47,49805.0,1
2021-10-04 13:52:49,49810.0,1
2021-10-04 13:52:49,49805.0,1
2021-10-04 13:52:49,49830.0,1
2021-10-04 13:52:50,49765.0,1
2021-10-04 13:52:50,49760.0,1
2021-10-04 13:52:50,49755.0,1
2021-10-04 13:52:50,49745.0,1
2021-10-04 13:52:50,49740.0,2
2021-10-04 13:52:50,49735.0,1
2021-10-04 13:52:50,49720.0,1
2021-10-04 13:52:50,49730.0,2
2021-10-04 13:52:51,49750.0,1
2021-10-04 13:52:51,49745.0,1
2021-10-04 13:52:51,49740.0,2
2021-10-04 13:52:51,49700.0,1
2021-10-04 13:52:52,49735.0,1
2021-10-04 13:52:52,49740.0,1
2021-10-04 13:52:52,49745.0,1
2021-10-04 13:52:53,49765.0,1
2021-10-04 13:52:53,49730.0,1
2021-10-04 13:52:58,49765.0,1
2021-10-04 13:53:01,49815.0,1
2021-10-04 13:53:12,49720.0,1
2021-10-04 13:53:13,49670.0,1
2021-10-04 13:53:13,49665.0,1
2021-10-04 13:53:14,49625.0,1
2021-10-04 13:53:18,49645.0,1
2021-10-04 13:53:32,49635.0,1
2021-10-04 13:53:49,49575.0,1
2021-10-04 13:53:58,49690.0,1
2021-10-04 13:54:02,49695.0,1
2021-10-04 13:54:10,49700.0,1
2021-10-04 13:54:12,49695.0,1
2021-10-04 13:54:16,49700.0,1
2021-10-04 13:54:19,49660.0,1
2021-10-04 13:54:23,49605.0,1
2021-10-04 13:54:24,49600.0,1
2021-10-04 13:54:24,49620.0,1
2021-10-04 13:54:52,49640.0,1
2021-10-04 13:54:58,49630.0,1
2021-10-04 13:55:04,49700.0,2
2021-10-04 13:55:09,49775.0,1
2021-10-04 13:55:11,49785.0,1
2021-10-04 13:55:16,49745.0,1
2021-10-04 13:55:25,49760.0,1
2021-10-04 13:55:26,49775.0,1
2021-10-04 13:55:26,49780.0,3
2021-10-04 13:55:26,49790.0,1
2021-10-04 13:55:26,49800.0,2
2021-10-04 13:55:26,49805.0,2
2021-10-04 13:55:31,49805.0,1
2021-10-04 13:55:48,49825.0,3
2021-10-04 13:55:49,49800.0,1
2021-10-04 13:55:51,49805.0,1
2021-10-04 13:55:51,49815.0,1
2021-10-04 13:55:53,49805.0,1
2021-10-04 13:55:55,49730.0,1
2021-10-04 13:56:09,49750.0,1
2021-10-04 13:56:09,49725.0,1
2021-10-04 13:56:17,49790.0,1
2021-10-04 13:56:17,49795.0,2
2021-10-04 13:56:17,49815.0,1
2021-10-04 13:56:17,49825.0,1
2021-10-04 13:56:17,49830.0,1
2021-10-04 13:56:17,49825.0,1
2021-10-04 13:56:17,49800.0,1
2021-10-04 13:56:17,49790.0,1
2021-10-04 13:56:19,49825.0,2
2021-10-04 13:56:25,49810.0,1
2021-10-04 13:57:17,49755.0,1
2021-10-04 13:57:17,49745.0,1
2021-10-04 13:57:32,49750.0,2
2021-10-04 13:57:45,49745.0,1
2021-10-04 13:58:07,49700.0,2
2021-10-04 13:58:15,49735.0,1
2021-10-04 13:58:24,49700.0,1
2021-10-04 13:58:59,49680.0,1
2021-10-04 13:59:20,49685.0,2
2021-10-04 13:59:47,49635.0,1
2021-10-04 13:59:50,49615.0,2
2021-10-04 13:59:50,49600.0,1
2021-10-04 14:00:19,49800.0,1
2021-10-04 14:00:22,49860.0,2
2021-10-04 14:00:22,49865.0,1
2021-10-04 14:00:23,49825.0,1
2021-10-04 14:00:23,49820.0,4
2021-10-04 14:00:23,49800.0,1
2021-10-04 14:00:23,49825.0,1
2021-10-04 14:00:36,49800.0,1
2021-10-04 14:00:48,49740.0,2
2021-10-04 14:00:48,49750.0,1
2021-10-04 14:00:48,49760.0,2
2021-10-04 14:00:50,49730.0,1
2021-10-04 14:00:54,49740.0,2
2021-10-04 14:01:03,49765.0,1
2021-10-04 14:01:13,49765.0,1
2021-10-04 14:01:22,49725.0,1
2021-10-04 14:01:37,49770.0,1
2021-10-04 14:01:41,49770.0,1
2021-10-04 14:01:48,49795.0,1
2021-10-04 14:01:49,49800.0,1
2021-10-04 14:02:02,49765.0,1
2021-10-04 14:02:12,49750.0,1
2021-10-04 14:02:13,49725.0,1
2021-10-04 14:02:14,49740.0,1
2021-10-04 14:02:20,49705.0,1
2021-10-04 14:02:25,49700.0,2
2021-10-04 14:02:29,49730.0,2
2021-10-04 14:02:29,49700.0,2
2021-10-04 14:02:31,49700.0,2
2021-10-04 14:02:46,49685.0,2
2021-10-04 14:02:52,49700.0,2
2021-10-04 14:03:32,49665.0,1
2021-10-04 14:03:37,49660.0,2
2021-10-04 14:03:41,49640.0,1
2021-10-04 14:04:02,49535.0,1
2021-10-04 14:04:08,49495.0,1
2021-10-04 14:04:09,49520.0,1
2021-10-04 14:04:09,49530.0,1
2021-10-04 14:04:24,49475.0,2
2021-10-04 14:04:24,49450.0,1
2021-10-04 14:04:25,49465.0,1
2021-10-04 14:04:25,49455.0,1
2021-10-04 14:04:25,49475.0,1
2021-10-04 14:04:36,49500.0,1
2021-10-04 14:04:47,49475.0,1
2021-10-04 14:04:50,49450.0,1
2021-10-04 14:04:52,49420.0,1
2021-10-04 14:04:52,49415.0,1
2021-10-04 14:04:52,49385.0,1
2021-10-04 14:04:55,49375.0,1
2021-10-04 14:04:55,49425.0,1
2021-10-04 14:04:57,49435.0,1
2021-10-04 14:04:57,49425.0,1
2021-10-04 14:04:57,49380.0,1
2021-10-04 14:05:00,49435.0,1
2021-10-04 14:05:00,49440.0,2
2021-10-04 14:05:02,49440.0,1
2021-10-04 14:05:02,49445.0,1
2021-10-04 14:05:02,49440.0,1
2021-10-04 14:05:02,49445.0,1
2021-10-04 14:05:16,49535.0,3
2021-10-04 14:05:20,49520.0,2
2021-10-04 14:05:27,49515.0,1
2021-10-04 14:06:03,49570.0,1
2021-10-04 14:06:38,49635.0,1
2021-10-04 14:07:02,49645.0,1
2021-10-04 14:07:05,49655.0,1
2021-10-04 14:07:35,49625.0,1
2021-10-04 14:07:38,49625.0,3
2021-10-04 14:07:38,49635.0,1
2021-10-04 14:07:48,49645.0,1
2021-10-04 14:07:51,49635.0,1
2021-10-04 14:07:52,49625.0,1
2021-10-04 14:08:00,49630.0,1
2021-10-04 14:08:01,49585.0,1
2021-10-04 14:08:01,49570.0,3
2021-10-04 14:08:25,49565.0,1
2021-10-04 14:08:25,49550.0,2
2021-10-04 14:08:44,49560.0,2
2021-10-04 14:09:02,49565.0,1
2021-10-04 14:09:10,49565.0,1
2021-10-04 14:09:23,49600.0,1
2021-10-04 14:10:25,49620.0,3
2021-10-04 14:10:56,49655.0,1
2021-10-04 14:10:59,49635.0,1
2021-10-04 14:11:34,49600.0,1
2021-10-04 14:11:38,49595.0,1
2021-10-04 14:12:25,49620.0,1
2021-10-04 14:12:31,49590.0,1
2021-10-04 14:12:31,49585.0,1
2021-10-04 14:12:33,49575.0,2
2021-10-04 14:12:35,49575.0,1
2021-10-04 14:12:38,49600.0,1
2021-10-04 14:12:54,49580.0,2
2021-10-04 14:12:59,49555.0,1
2021-10-04 14:14:15,49465.0,1
2021-10-04 14:15:13,49550.0,3
2021-10-04 14:15:13,49565.0,2
2021-10-04 14:15:52,49585.0,1
2021-10-04 14:16:05,49565.0,1
2021-10-04 14:16:42,49490.0,1
2021-10-04 14:16:58,49560.0,1
2021-10-04 14:18:13,49540.0,1
2021-10-04 14:18:36,49535.0,1
2021-10-04 14:19:05,49520.0,1
2021-10-04 14:20:01,49560.0,2
2021-10-04 14:20:40,49610.0,1
2021-10-04 14:20:44,49575.0,1
2021-10-04 14:20:44,49595.0,1
2021-10-04 14:21:22,49540.0,1
2021-10-04 14:21:32,49520.0,1
2021-10-04 14:22:00,49520.0,1
2021-10-04 14:22:09,49505.0,1
2021-10-04 14:22:11,49535.0,1
2021-10-04 14:22:15,49540.0,1
2021-10-04 14:22:41,49560.0,9
2021-10-04 14:22:41,49565.0,2
2021-10-04 14:22:41,49580.0,6
2021-10-04 14:22:41,49595.0,1
2021-10-04 14:22:42,49595.0,2
2021-10-04 14:22:43,49620.0,1
2021-10-04 14:22:43,49630.0,1
2021-10-04 14:22:43,49640.0,2
2021-10-04 14:22:43,49630.0,1
2021-10-04 14:22:45,49625.0,1
2021-10-04 14:22:45,49610.0,1
2021-10-04 14:22:50,49625.0,1
2021-10-04 14:22:50,49590.0,1
2021-10-04 14:23:04,49675.0,2
2021-10-04 14:23:28,49710.0,1
2021-10-04 14:23:28,49715.0,9
2021-10-04 14:23:28,49680.0,1
2021-10-04 14:23:28,49720.0,1
2021-10-04 14:23:30,49730.0,1
2021-10-04 14:23:31,49735.0,1
2021-10-04 14:23:31,49740.0,1
2021-10-04 14:23:32,49750.0,1
2021-10-04 14:23:32,49770.0,1
2021-10-04 14:23:32,49755.0,1
2021-10-04 14:23:32,49785.0,1
2021-10-04 14:23:32,49800.0,1
2021-10-04 14:23:32,49750.0,1
2021-10-04 14:23:32,49770.0,1
2021-10-04 14:23:32,49755.0,1
2021-10-04 14:23:32,49785.0,1
2021-10-04 14:23:32,49800.0,1
2021-10-04 14:23:34,49765.0,1
2021-10-04 14:23:35,49745.0,1
2021-10-04 14:23:37,49750.0,1
2021-10-04 14:23:37,49715.0,1
2021-10-04 14:23:37,49705.0,1
2021-10-04 14:23:39,49735.0,1
2021-10-04 14:23:39,49740.0,1
2021-10-04 14:23:39,49745.0,2
2021-10-04 14:23:40,49710.0,1
2021-10-04 14:23:43,49700.0,1
2021-10-04 14:23:43,49695.0,1
2021-10-04 14:23:52,49665.0,1
2021-10-04 14:23:59,49695.0,1
2021-10-04 14:24:01,49635.0,1
2021-10-04 14:24:14,49630.0,1
2021-10-04 14:24:18,49575.0,1
2021-10-04 14:24:47,49650.0,1
2021-10-04 14:24:47,49655.0,1
2021-10-04 14:24:53,49660.0,1
2021-10-04 14:25:05,49655.0,2
2021-10-04 14:25:07,49635.0,2
2021-10-04 14:25:23,49675.0,1
2021-10-04 14:25:28,49640.0,1
2021-10-04 14:25:28,49635.0,1
2021-10-04 14:25:28,49650.0,1
2021-10-04 14:25:28,49630.0,1
2021-10-04 14:26:02,49595.0,1
2021-10-04 14:27:08,49615.0,1
2021-10-04 14:27:38,49635.0,1
2021-10-04 14:27:42,49640.0,1
2021-10-04 14:27:43,49620.0,1
2021-10-04 14:27:43,49615.0,1
2021-10-04 14:27:44,49580.0,1
2021-10-04 14:27:52,49620.0,1
2021-10-04 14:29:38,49605.0,1
2021-10-04 14:30:05,49605.0,1
2021-10-04 14:30:05,49620.0,1
2021-10-04 14:31:24,49620.0,1
2021-10-04 14:31:24,49625.0,2
2021-10-04 14:31:24,49620.0,2
2021-10-04 14:31:28,49615.0,1
2021-10-04 14:32:05,49675.0,1
2021-10-04 14:32:05,49620.0,1
2021-10-04 14:32:05,49605.0,2
2021-10-04 14:32:05,49625.0,2
2021-10-04 14:32:05,49630.0,1
2021-10-04 14:32:18,49630.0,1
2021-10-04 14:33:04,49640.0,2
2021-10-04 14:33:45,49580.0,1
