Date,Last,Volume
2021-10-03 18:00:00,34225.0,6
2021-10-03 18:00:00,34228.0,1
2021-10-03 18:00:00,34230.0,1
2021-10-03 18:00:00,34225.0,10
2021-10-03 18:00:00,34223.0,1
2021-10-03 18:00:00,34220.0,11
2021-10-03 18:00:00,34215.0,1
2021-10-03 18:00:00,34220.0,4
2021-10-03 18:00:00,34209.0,1
2021-10-03 18:00:00,34208.0,5
2021-10-03 18:00:00,34207.0,3
2021-10-03 18:00:00,34206.0,1
2021-10-03 18:00:00,34205.0,1
2021-10-03 18:00:01,34214.0,1
2021-10-03 18:00:01,34215.0,1
2021-10-03 18:00:02,34214.0,1
2021-10-03 18:00:02,34209.0,1
2021-10-03 18:00:02,34202.0,1
2021-10-03 18:00:02,34209.0,1
2021-10-03 18:00:03,34209.0,1
2021-10-03 18:00:04,34209.0,2
2021-10-03 18:00:04,34207.0,1
2021-10-03 18:00:05,34214.0,1
2021-10-03 18:00:05,34213.0,1
2021-10-03 18:00:07,34209.0,2
2021-10-03 18:00:08,34215.0,1
2021-10-03 18:00:09,34217.0,2
2021-10-03 18:00:09,34218.0,1
2021-10-03 18:00:09,34219.0,1
2021-10-03 18:00:09,34220.0,1
2021-10-03 18:00:09,34221.0,3
2021-10-03 18:00:09,34223.0,1
2021-10-03 18:00:10,34217.0,2
2021-10-03 18:00:10,34218.0,1
2021-10-03 18:00:10,34221.0,1
2021-10-03 18:00:10,34218.0,1
2021-10-03 18:00:12,34218.0,3
2021-10-03 18:00:14,34223.0,1
2021-10-03 18:00:14,34221.0,1
2021-10-03 18:00:16,34225.0,3
2021-10-03 18:00:16,34227.0,1
2021-10-03 18:00:17,34229.0,2
2021-10-03 18:00:17,34230.0,3
2021-10-03 18:00:17,34233.0,1
2021-10-03 18:00:17,34234.0,1
2021-10-03 18:00:17,34235.0,1
2021-10-03 18:00:17,34236.0,1
2021-10-03 18:00:18,34237.0,3
2021-10-03 18:00:18,34242.0,1
2021-10-03 18:00:19,34247.0,1
2021-10-03 18:00:19,34249.0,1
2021-10-03 18:00:19,34251.0,3
2021-10-03 18:00:19,34247.0,2
2021-10-03 18:00:19,34245.0,1
2021-10-03 18:00:19,34242.0,1
2021-10-03 18:00:19,34241.0,1
2021-10-03 18:00:20,34245.0,1
2021-10-03 18:00:20,34243.0,1
2021-10-03 18:00:20,34242.0,1
2021-10-03 18:00:20,34241.0,1
2021-10-03 18:00:20,34240.0,1
2021-10-03 18:00:20,34248.0,1
2021-10-03 18:00:21,34246.0,1
2021-10-03 18:00:22,34249.0,1
2021-10-03 18:00:22,34254.0,1
2021-10-03 18:00:22,34255.0,1
2021-10-03 18:00:23,34251.0,2
2021-10-03 18:00:24,34255.0,3
2021-10-03 18:00:24,34254.0,2
2021-10-03 18:00:24,34253.0,1
2021-10-03 18:00:25,34255.0,1
2021-10-03 18:00:25,34256.0,1
2021-10-03 18:00:25,34251.0,4
2021-10-03 18:00:26,34248.0,1
2021-10-03 18:00:27,34251.0,2
2021-10-03 18:00:28,34251.0,1
2021-10-03 18:00:28,34253.0,1
2021-10-03 18:00:29,34250.0,3
2021-10-03 18:00:29,34251.0,3
2021-10-03 18:00:30,34250.0,1
2021-10-03 18:00:31,34247.0,1
2021-10-03 18:00:31,34248.0,3
2021-10-03 18:00:31,34247.0,1
2021-10-03 18:00:31,34245.0,2
2021-10-03 18:00:31,34244.0,1
2021-10-03 18:00:31,34243.0,1
2021-10-03 18:00:32,34249.0,1
2021-10-03 18:00:33,34251.0,4
2021-10-03 18:00:33,34248.0,1
2021-10-03 18:00:33,34251.0,3
2021-10-03 18:00:34,34253.0,1
2021-10-03 18:00:34,34251.0,2
2021-10-03 18:00:35,34251.0,1
2021-10-03 18:00:36,34257.0,3
2021-10-03 18:00:36,34255.0,1
2021-10-03 18:00:38,34251.0,1
2021-10-03 18:00:38,34249.0,1
2021-10-03 18:00:39,34251.0,1
2021-10-03 18:00:39,34248.0,1
2021-10-03 18:00:41,34251.0,3
2021-10-03 18:00:41,34253.0,1
2021-10-03 18:00:41,34254.0,1
2021-10-03 18:00:41,34255.0,3
2021-10-03 18:00:41,34256.0,1
2021-10-03 18:00:41,34257.0,3
2021-10-03 18:00:41,34259.0,1
2021-10-03 18:00:41,34260.0,12
2021-10-03 18:00:41,34261.0,1
2021-10-03 18:00:41,34263.0,3
2021-10-03 18:00:41,34264.0,4
2021-10-03 18:00:41,34265.0,11
2021-10-03 18:00:41,34266.0,3
2021-10-03 18:00:41,34267.0,1
2021-10-03 18:00:41,34268.0,2
2021-10-03 18:00:41,34269.0,6
2021-10-03 18:00:41,34270.0,1
2021-10-03 18:00:42,34250.0,1
2021-10-03 18:00:43,34250.0,2
2021-10-03 18:00:44,34254.0,1
2021-10-03 18:00:47,34254.0,1
2021-10-03 18:00:48,34251.0,1
2021-10-03 18:00:50,34250.0,1
2021-10-03 18:00:50,34248.0,1
2021-10-03 18:00:50,34247.0,1
2021-10-03 18:00:54,34251.0,3
2021-10-03 18:00:54,34257.0,1
2021-10-03 18:00:54,34260.0,1
2021-10-03 18:00:56,34256.0,4
2021-10-03 18:01:00,34258.0,1
2021-10-03 18:01:00,34259.0,1
2021-10-03 18:01:00,34260.0,1
2021-10-03 18:01:00,34261.0,4
2021-10-03 18:01:01,34263.0,3
2021-10-03 18:01:01,34264.0,1
2021-10-03 18:01:02,34265.0,5
2021-10-03 18:01:02,34263.0,1
2021-10-03 18:01:02,34260.0,3
2021-10-03 18:01:04,34266.0,1
2021-10-03 18:01:06,34263.0,2
2021-10-03 18:01:07,34261.0,1
2021-10-03 18:01:07,34264.0,2
2021-10-03 18:01:08,34263.0,1
2021-10-03 18:01:08,34266.0,1
2021-10-03 18:01:09,34261.0,2
2021-10-03 18:01:12,34260.0,1
2021-10-03 18:01:12,34259.0,2
2021-10-03 18:01:12,34258.0,1
2021-10-03 18:01:14,34260.0,1
2021-10-03 18:01:14,34261.0,1
2021-10-03 18:01:14,34262.0,1
2021-10-03 18:01:17,34260.0,1
2021-10-03 18:01:18,34259.0,1
2021-10-03 18:01:18,34257.0,1
2021-10-03 18:01:20,34259.0,1
2021-10-03 18:01:20,34258.0,1
2021-10-03 18:01:21,34258.0,1
2021-10-03 18:01:22,34257.0,1
2021-10-03 18:01:23,34257.0,2
2021-10-03 18:01:24,34257.0,1
2021-10-03 18:01:29,34253.0,6
2021-10-03 18:01:30,34251.0,2
2021-10-03 18:01:30,34250.0,1
2021-10-03 18:01:33,34254.0,1
2021-10-03 18:01:36,34253.0,2
2021-10-03 18:01:46,34253.0,2
2021-10-03 18:01:46,34254.0,3
2021-10-03 18:01:47,34251.0,1
2021-10-03 18:01:48,34251.0,1
2021-10-03 18:01:49,34250.0,1
2021-10-03 18:01:54,34247.0,1
2021-10-03 18:01:54,34245.0,1
2021-10-03 18:01:55,34251.0,1
2021-10-03 18:01:56,34252.0,1
2021-10-03 18:01:56,34251.0,1
2021-10-03 18:01:58,34252.0,1
2021-10-03 18:01:59,34254.0,1
2021-10-03 18:02:00,34251.0,2
2021-10-03 18:02:01,34251.0,2
2021-10-03 18:02:01,34249.0,2
2021-10-03 18:02:02,34247.0,2
2021-10-03 18:02:03,34250.0,1
2021-10-03 18:02:03,34251.0,1
2021-10-03 18:02:05,34251.0,1
2021-10-03 18:02:05,34248.0,1
2021-10-03 18:02:05,34247.0,1
2021-10-03 18:02:05,34246.0,1
2021-10-03 18:02:05,34247.0,4
2021-10-03 18:02:06,34248.0,1
2021-10-03 18:02:08,34245.0,2
2021-10-03 18:02:08,34243.0,2
2021-10-03 18:02:08,34242.0,1
2021-10-03 18:02:08,34245.0,1
2021-10-03 18:02:09,34245.0,3
2021-10-03 18:02:12,34244.0,1
2021-10-03 18:02:12,34242.0,1
2021-10-03 18:02:12,34240.0,2
2021-10-03 18:02:12,34241.0,2
2021-10-03 18:02:12,34240.0,1
2021-10-03 18:02:14,34239.0,1
2021-10-03 18:02:14,34241.0,2
2021-10-03 18:02:20,34237.0,1
2021-10-03 18:02:21,34239.0,3
2021-10-03 18:02:22,34239.0,1
2021-10-03 18:02:23,34239.0,1
2021-10-03 18:02:23,34240.0,2
2021-10-03 18:02:26,34240.0,1
2021-10-03 18:02:28,34239.0,2
2021-10-03 18:02:31,34241.0,1
2021-10-03 18:02:36,34239.0,3
2021-10-03 18:02:37,34238.0,2
2021-10-03 18:02:44,34239.0,1
2021-10-03 18:02:45,34236.0,1
2021-10-03 18:02:47,34235.0,3
2021-10-03 18:02:47,34233.0,1
2021-10-03 18:02:49,34235.0,2
2021-10-03 18:02:49,34234.0,2
2021-10-03 18:02:55,34238.0,3
2021-10-03 18:02:57,34237.0,3
2021-10-03 18:02:59,34236.0,2
2021-10-03 18:02:59,34237.0,1
2021-10-03 18:03:00,34239.0,2
2021-10-03 18:03:01,34236.0,1
2021-10-03 18:03:01,34235.0,2
2021-10-03 18:03:03,34237.0,1
2021-10-03 18:03:08,34234.0,2
2021-10-03 18:03:08,34233.0,3
2021-10-03 18:03:10,34233.0,2
2021-10-03 18:03:10,34235.0,1
2021-10-03 18:03:12,34237.0,1
2021-10-03 18:03:13,34236.0,4
2021-10-03 18:03:13,34235.0,1
2021-10-03 18:03:15,34233.0,3
2021-10-03 18:03:15,34234.0,1
2021-10-03 18:03:19,34232.0,2
2021-10-03 18:03:19,34230.0,2
2021-10-03 18:03:21,34230.0,1
2021-10-03 18:03:24,34229.0,1
2021-10-03 18:03:27,34231.0,2
2021-10-03 18:03:27,34233.0,1
2021-10-03 18:03:27,34234.0,3
2021-10-03 18:03:27,34235.0,5
2021-10-03 18:03:27,34236.0,1
2021-10-03 18:03:27,34238.0,1
2021-10-03 18:03:28,34236.0,1
2021-10-03 18:03:29,34238.0,1
2021-10-03 18:03:30,34239.0,1
2021-10-03 18:03:31,34238.0,1
2021-10-03 18:03:31,34240.0,1
2021-10-03 18:03:31,34237.0,1
2021-10-03 18:03:31,34236.0,1
2021-10-03 18:03:32,34234.0,1
2021-10-03 18:03:38,34232.0,1
2021-10-03 18:03:39,34231.0,1
2021-10-03 18:03:42,34229.0,3
2021-10-03 18:03:45,34232.0,1
2021-10-03 18:03:47,34230.0,1
2021-10-03 18:03:51,34226.0,1
2021-10-03 18:03:51,34225.0,6
2021-10-03 18:03:51,34224.0,1
2021-10-03 18:03:51,34223.0,1
2021-10-03 18:03:51,34222.0,2
2021-10-03 18:03:51,34221.0,1
2021-10-03 18:03:51,34222.0,2
2021-10-03 18:03:51,34225.0,1
2021-10-03 18:03:51,34223.0,1
2021-10-03 18:03:52,34223.0,1
2021-10-03 18:03:52,34225.0,1
2021-10-03 18:03:52,34221.0,1
2021-10-03 18:03:54,34223.0,1
2021-10-03 18:03:54,34225.0,1
2021-10-03 18:03:54,34224.0,1
2021-10-03 18:03:57,34220.0,5
2021-10-03 18:03:59,34219.0,1
2021-10-03 18:04:00,34218.0,1
2021-10-03 18:04:01,34216.0,2
2021-10-03 18:04:02,34217.0,1
2021-10-03 18:04:02,34216.0,2
2021-10-03 18:04:02,34215.0,1
2021-10-03 18:04:05,34216.0,1
2021-10-03 18:04:06,34214.0,1
2021-10-03 18:04:10,34213.0,1
2021-10-03 18:04:11,34213.0,1
2021-10-03 18:04:12,34211.0,2
2021-10-03 18:04:14,34213.0,1
2021-10-03 18:04:14,34214.0,1
2021-10-03 18:04:15,34214.0,1
2021-10-03 18:04:16,34213.0,1
2021-10-03 18:04:16,34212.0,1
2021-10-03 18:04:16,34211.0,1
2021-10-03 18:04:16,34210.0,3
2021-10-03 18:04:16,34211.0,1
2021-10-03 18:04:17,34211.0,2
2021-10-03 18:04:18,34210.0,1
2021-10-03 18:04:18,34212.0,1
2021-10-03 18:04:19,34211.0,2
2021-10-03 18:04:20,34211.0,2
2021-10-03 18:04:22,34213.0,2
2021-10-03 18:04:22,34214.0,1
2021-10-03 18:04:23,34214.0,1
2021-10-03 18:04:25,34214.0,1
2021-10-03 18:04:27,34211.0,2
2021-10-03 18:04:27,34210.0,1
2021-10-03 18:04:28,34213.0,3
2021-10-03 18:04:30,34210.0,1
2021-10-03 18:04:33,34210.0,1
2021-10-03 18:04:33,34209.0,1
2021-10-03 18:04:39,34212.0,2
2021-10-03 18:04:39,34213.0,4
2021-10-03 18:04:39,34214.0,2
2021-10-03 18:04:39,34215.0,6
2021-10-03 18:04:39,34216.0,2
2021-10-03 18:04:39,34217.0,3
2021-10-03 18:04:39,34218.0,1
2021-10-03 18:04:40,34212.0,1
2021-10-03 18:04:41,34212.0,1
2021-10-03 18:04:44,34211.0,1
2021-10-03 18:04:47,34209.0,4
2021-10-03 18:04:49,34209.0,2
2021-10-03 18:04:49,34208.0,1
2021-10-03 18:04:49,34207.0,3
2021-10-03 18:04:49,34206.0,5
2021-10-03 18:04:49,34205.0,1
2021-10-03 18:04:50,34206.0,1
2021-10-03 18:04:51,34203.0,1
2021-10-03 18:04:51,34202.0,1
2021-10-03 18:04:53,34201.0,4
2021-10-03 18:04:53,34202.0,1
2021-10-03 18:04:53,34201.0,1
2021-10-03 18:04:53,34199.0,3
2021-10-03 18:04:53,34198.0,3
2021-10-03 18:04:53,34197.0,2
2021-10-03 18:04:55,34200.0,1
2021-10-03 18:04:55,34201.0,2
2021-10-03 18:04:57,34199.0,2
2021-10-03 18:04:58,34200.0,1
2021-10-03 18:04:58,34199.0,1
2021-10-03 18:04:59,34199.0,2
2021-10-03 18:05:00,34198.0,2
2021-10-03 18:05:01,34198.0,1
2021-10-03 18:05:01,34197.0,1
2021-10-03 18:05:02,34195.0,2
2021-10-03 18:05:02,34194.0,3
2021-10-03 18:05:02,34197.0,2
2021-10-03 18:05:03,34196.0,1
2021-10-03 18:05:03,34198.0,1
2021-10-03 18:05:03,34199.0,3
2021-10-03 18:05:04,34196.0,3
2021-10-03 18:05:05,34199.0,1
2021-10-03 18:05:06,34197.0,1
2021-10-03 18:05:06,34196.0,4
2021-10-03 18:05:07,34197.0,1
2021-10-03 18:05:07,34196.0,1
2021-10-03 18:05:07,34195.0,1
2021-10-03 18:05:07,34196.0,1
2021-10-03 18:05:07,34195.0,1
2021-10-03 18:05:08,34199.0,3
2021-10-03 18:05:10,34200.0,3
2021-10-03 18:05:10,34201.0,1
2021-10-03 18:05:10,34202.0,1
2021-10-03 18:05:11,34201.0,1
2021-10-03 18:05:13,34201.0,1
2021-10-03 18:05:14,34201.0,1
2021-10-03 18:05:15,34201.0,1
2021-10-03 18:05:15,34200.0,2
2021-10-03 18:05:15,34201.0,1
2021-10-03 18:05:16,34201.0,1
2021-10-03 18:05:25,34202.0,2
2021-10-03 18:05:25,34201.0,2
2021-10-03 18:05:26,34200.0,1
2021-10-03 18:05:26,34203.0,1
2021-10-03 18:05:26,34202.0,1
2021-10-03 18:05:29,34203.0,1
2021-10-03 18:05:30,34201.0,1
2021-10-03 18:05:35,34204.0,2
2021-10-03 18:05:37,34205.0,1
2021-10-03 18:05:40,34206.0,1
2021-10-03 18:05:41,34208.0,1
2021-10-03 18:05:42,34210.0,1
2021-10-03 18:05:44,34211.0,1
2021-10-03 18:05:47,34211.0,1
2021-10-03 18:05:47,34215.0,1
2021-10-03 18:05:47,34211.0,1
2021-10-03 18:05:55,34213.0,2
2021-10-03 18:06:00,34213.0,2
2021-10-03 18:06:01,34213.0,1
2021-10-03 18:06:02,34213.0,1
2021-10-03 18:06:02,34211.0,2
2021-10-03 18:06:03,34213.0,1
2021-10-03 18:06:04,34212.0,1
2021-10-03 18:06:09,34212.0,1
2021-10-03 18:06:10,34213.0,1
2021-10-03 18:06:10,34211.0,1
2021-10-03 18:06:20,34213.0,1
2021-10-03 18:06:24,34211.0,1
2021-10-03 18:06:28,34212.0,1
2021-10-03 18:06:32,34211.0,1
2021-10-03 18:06:35,34210.0,1
2021-10-03 18:06:35,34209.0,2
2021-10-03 18:06:35,34208.0,2
2021-10-03 18:06:35,34209.0,1
2021-10-03 18:06:37,34205.0,2
2021-10-03 18:06:42,34207.0,1
2021-10-03 18:06:46,34207.0,1
2021-10-03 18:06:54,34208.0,1
2021-10-03 18:06:58,34210.0,3
2021-10-03 18:06:58,34212.0,1
2021-10-03 18:06:58,34213.0,1
2021-10-03 18:07:09,34214.0,1
2021-10-03 18:07:12,34211.0,1
2021-10-03 18:07:13,34212.0,1
2021-10-03 18:07:15,34211.0,1
2021-10-03 18:07:16,34210.0,1
2021-10-03 18:07:16,34209.0,1
2021-10-03 18:07:23,34210.0,1
2021-10-03 18:07:25,34209.0,2
2021-10-03 18:07:25,34208.0,2
2021-10-03 18:07:25,34207.0,1
2021-10-03 18:07:26,34208.0,1
2021-10-03 18:07:27,34210.0,4
2021-10-03 18:07:32,34211.0,1
2021-10-03 18:07:32,34212.0,2
2021-10-03 18:07:33,34212.0,1
2021-10-03 18:07:33,34213.0,2
2021-10-03 18:07:33,34214.0,1
2021-10-03 18:07:34,34212.0,2
2021-10-03 18:07:37,34212.0,1
2021-10-03 18:07:39,34211.0,1
2021-10-03 18:07:41,34210.0,1
2021-10-03 18:07:45,34209.0,1
2021-10-03 18:07:45,34207.0,1
2021-10-03 18:07:45,34210.0,1
2021-10-03 18:07:47,34212.0,1
2021-10-03 18:07:54,34209.0,3
2021-10-03 18:08:02,34205.0,3
2021-10-03 18:08:02,34204.0,3
2021-10-03 18:08:04,34204.0,1
2021-10-03 18:08:04,34205.0,1
2021-10-03 18:08:04,34203.0,2
2021-10-03 18:08:05,34202.0,4
2021-10-03 18:08:05,34201.0,5
2021-10-03 18:08:05,34200.0,6
2021-10-03 18:08:13,34200.0,3
2021-10-03 18:08:14,34199.0,2
2021-10-03 18:08:16,34201.0,1
2021-10-03 18:08:24,34200.0,4
2021-10-03 18:08:26,34201.0,1
2021-10-03 18:08:27,34201.0,1
2021-10-03 18:08:27,34203.0,1
2021-10-03 18:08:31,34206.0,1
2021-10-03 18:08:36,34206.0,1
2021-10-03 18:08:40,34205.0,1
2021-10-03 18:08:42,34206.0,2
2021-10-03 18:08:53,34209.0,1
2021-10-03 18:08:55,34205.0,2
2021-10-03 18:08:55,34204.0,2
2021-10-03 18:08:55,34202.0,5
2021-10-03 18:08:55,34201.0,5
2021-10-03 18:09:02,34203.0,5
2021-10-03 18:09:03,34203.0,3
2021-10-03 18:09:13,34203.0,1
2021-10-03 18:09:17,34202.0,1
2021-10-03 18:09:18,34202.0,1
2021-10-03 18:09:19,34200.0,6
2021-10-03 18:09:23,34203.0,4
2021-10-03 18:09:23,34204.0,2
2021-10-03 18:09:23,34205.0,1
2021-10-03 18:09:23,34206.0,1
2021-10-03 18:09:32,34205.0,3
2021-10-03 18:09:33,34202.0,1
2021-10-03 18:09:38,34206.0,2
2021-10-03 18:09:38,34207.0,2
2021-10-03 18:09:41,34207.0,1
2021-10-03 18:09:44,34207.0,3
2021-10-03 18:09:44,34208.0,1
2021-10-03 18:09:44,34209.0,1
2021-10-03 18:09:44,34210.0,2
2021-10-03 18:09:44,34209.0,2
2021-10-03 18:09:46,34209.0,3
2021-10-03 18:09:46,34206.0,2
2021-10-03 18:09:48,34207.0,2
2021-10-03 18:09:48,34206.0,1
2021-10-03 18:09:49,34208.0,1
2021-10-03 18:09:54,34208.0,1
2021-10-03 18:09:55,34206.0,1
2021-10-03 18:09:57,34209.0,1
2021-10-03 18:10:02,34208.0,2
2021-10-03 18:10:02,34207.0,2
2021-10-03 18:10:02,34206.0,1
2021-10-03 18:10:02,34209.0,1
2021-10-03 18:10:03,34210.0,1
2021-10-03 18:10:08,34211.0,3
2021-10-03 18:10:08,34212.0,3
2021-10-03 18:10:13,34214.0,2
2021-10-03 18:10:17,34215.0,3
2021-10-03 18:10:20,34215.0,1
2021-10-03 18:10:20,34214.0,1
2021-10-03 18:10:21,34216.0,2
2021-10-03 18:10:22,34217.0,1
2021-10-03 18:10:23,34218.0,1
2021-10-03 18:10:27,34216.0,1
2021-10-03 18:10:27,34215.0,3
2021-10-03 18:10:27,34214.0,1
2021-10-03 18:10:34,34215.0,2
2021-10-03 18:10:35,34216.0,1
2021-10-03 18:10:45,34215.0,2
2021-10-03 18:10:51,34218.0,3
2021-10-03 18:10:52,34219.0,2
2021-10-03 18:10:53,34217.0,3
2021-10-03 18:10:59,34218.0,1
2021-10-03 18:11:00,34219.0,1
2021-10-03 18:11:01,34217.0,2
2021-10-03 18:11:05,34217.0,3
2021-10-03 18:11:06,34219.0,1
2021-10-03 18:11:11,34219.0,1
2021-10-03 18:11:12,34220.0,6
2021-10-03 18:11:12,34219.0,2
2021-10-03 18:11:12,34217.0,1
2021-10-03 18:11:13,34218.0,1
2021-10-03 18:11:13,34219.0,1
2021-10-03 18:11:13,34216.0,1
2021-10-03 18:11:14,34212.0,1
2021-10-03 18:11:20,34213.0,1
2021-10-03 18:11:22,34215.0,3
2021-10-03 18:11:29,34213.0,1
2021-10-03 18:11:30,34214.0,2
2021-10-03 18:11:31,34214.0,1
2021-10-03 18:11:35,34214.0,1
2021-10-03 18:11:37,34217.0,1
2021-10-03 18:11:38,34216.0,1
2021-10-03 18:11:38,34217.0,2
2021-10-03 18:11:41,34217.0,1
2021-10-03 18:11:47,34220.0,4
2021-10-03 18:11:49,34219.0,2
2021-10-03 18:11:49,34217.0,1
2021-10-03 18:11:52,34217.0,1
2021-10-03 18:11:55,34219.0,1
2021-10-03 18:11:59,34218.0,2
2021-10-03 18:12:03,34217.0,3
2021-10-03 18:12:15,34218.0,1
2021-10-03 18:12:21,34219.0,1
2021-10-03 18:12:21,34220.0,1
2021-10-03 18:12:24,34218.0,1
2021-10-03 18:12:24,34217.0,2
2021-10-03 18:12:24,34216.0,2
2021-10-03 18:12:24,34217.0,1
2021-10-03 18:12:34,34218.0,1
2021-10-03 18:12:36,34218.0,2
2021-10-03 18:12:37,34219.0,3
2021-10-03 18:12:39,34220.0,1
2021-10-03 18:12:53,34221.0,5
2021-10-03 18:12:53,34222.0,3
2021-10-03 18:12:54,34220.0,2
2021-10-03 18:12:54,34222.0,2
2021-10-03 18:12:54,34224.0,2
2021-10-03 18:12:55,34225.0,2
2021-10-03 18:12:56,34224.0,2
2021-10-03 18:12:56,34223.0,2
2021-10-03 18:12:56,34224.0,2
2021-10-03 18:13:07,34223.0,3
2021-10-03 18:13:08,34225.0,1
2021-10-03 18:13:09,34226.0,1
2021-10-03 18:13:10,34228.0,10
2021-10-03 18:13:10,34229.0,3
2021-10-03 18:13:12,34227.0,1
2021-10-03 18:13:14,34227.0,1
2021-10-03 18:13:17,34228.0,1
2021-10-03 18:13:18,34228.0,1
2021-10-03 18:13:18,34227.0,1
2021-10-03 18:13:23,34227.0,1
2021-10-03 18:13:23,34226.0,4
2021-10-03 18:13:23,34225.0,1
2021-10-03 18:13:27,34226.0,1
2021-10-03 18:13:30,34228.0,1
2021-10-03 18:13:33,34227.0,1
2021-10-03 18:13:34,34228.0,1
2021-10-03 18:13:36,34229.0,1
2021-10-03 18:13:37,34230.0,7
2021-10-03 18:13:37,34232.0,4
2021-10-03 18:13:38,34229.0,1
2021-10-03 18:13:41,34232.0,2
2021-10-03 18:13:41,34231.0,1
2021-10-03 18:13:49,34228.0,1
2021-10-03 18:13:52,34227.0,5
2021-10-03 18:13:52,34226.0,5
2021-10-03 18:13:52,34225.0,5
2021-10-03 18:13:52,34224.0,2
2021-10-03 18:13:52,34223.0,5
2021-10-03 18:13:52,34222.0,1
2021-10-03 18:13:52,34221.0,2
2021-10-03 18:13:52,34220.0,3
2021-10-03 18:13:53,34219.0,1
2021-10-03 18:13:53,34220.0,1
2021-10-03 18:13:54,34218.0,2
2021-10-03 18:13:55,34220.0,2
2021-10-03 18:13:55,34221.0,5
2021-10-03 18:13:55,34222.0,1
2021-10-03 18:14:03,34220.0,1
2021-10-03 18:14:03,34219.0,1
2021-10-03 18:14:04,34218.0,3
2021-10-03 18:14:05,34217.0,1
2021-10-03 18:14:06,34218.0,1
2021-10-03 18:14:10,34218.0,1
2021-10-03 18:14:12,34219.0,3
2021-10-03 18:14:12,34220.0,2
2021-10-03 18:14:12,34218.0,1
2021-10-03 18:14:15,34218.0,2
2021-10-03 18:14:28,34217.0,1
2021-10-03 18:14:35,34216.0,2
2021-10-03 18:14:39,34215.0,2
2021-10-03 18:14:41,34214.0,2
2021-10-03 18:14:43,34213.0,2
2021-10-03 18:14:44,34213.0,1
2021-10-03 18:14:44,34215.0,5
2021-10-03 18:14:44,34216.0,2
2021-10-03 18:14:44,34217.0,2
2021-10-03 18:14:44,34216.0,1
2021-10-03 18:14:44,34215.0,3
2021-10-03 18:14:48,34212.0,3
2021-10-03 18:14:49,34214.0,2
2021-10-03 18:14:50,34215.0,2
2021-10-03 18:14:56,34215.0,1
2021-10-03 18:14:58,34213.0,4
2021-10-03 18:14:58,34212.0,3
2021-10-03 18:14:58,34211.0,2
2021-10-03 18:14:59,34211.0,1
2021-10-03 18:14:59,34212.0,1
2021-10-03 18:15:00,34211.0,1
2021-10-03 18:15:00,34212.0,2
2021-10-03 18:15:01,34210.0,3
2021-10-03 18:15:01,34209.0,2
2021-10-03 18:15:02,34208.0,4
2021-10-03 18:15:06,34207.0,2
2021-10-03 18:15:07,34207.0,2
2021-10-03 18:15:09,34209.0,7
2021-10-03 18:15:12,34210.0,1
2021-10-03 18:15:15,34208.0,2
2021-10-03 18:15:15,34209.0,2
2021-10-03 18:15:18,34208.0,1
2021-10-03 18:15:21,34209.0,1
2021-10-03 18:15:23,34207.0,3
2021-10-03 18:15:36,34208.0,2
2021-10-03 18:15:40,34209.0,4
2021-10-03 18:15:40,34210.0,5
2021-10-03 18:15:40,34211.0,1
2021-10-03 18:15:40,34212.0,2
2021-10-03 18:15:40,34213.0,2
2021-10-03 18:15:44,34214.0,3
2021-10-03 18:15:48,34215.0,2
2021-10-03 18:15:51,34217.0,1
2021-10-03 18:15:52,34218.0,2
2021-10-03 18:16:01,34217.0,3
2021-10-03 18:16:05,34219.0,1
2021-10-03 18:16:05,34220.0,1
2021-10-03 18:16:07,34221.0,1
2021-10-03 18:16:07,34222.0,1
2021-10-03 18:16:08,34223.0,4
2021-10-03 18:16:11,34224.0,2
2021-10-03 18:16:11,34225.0,3
2021-10-03 18:16:11,34226.0,2
2021-10-03 18:16:11,34225.0,3
2021-10-03 18:16:11,34226.0,1
2021-10-03 18:16:11,34227.0,2
2021-10-03 18:16:12,34228.0,1
2021-10-03 18:16:12,34229.0,1
2021-10-03 18:16:14,34228.0,2
2021-10-03 18:16:16,34229.0,2
2021-10-03 18:16:16,34230.0,1
2021-10-03 18:16:17,34231.0,1
2021-10-03 18:16:18,34230.0,1
2021-10-03 18:16:18,34232.0,1
2021-10-03 18:16:18,34231.0,1
2021-10-03 18:16:18,34229.0,1
2021-10-03 18:16:19,34231.0,1
2021-10-03 18:16:20,34229.0,1
2021-10-03 18:16:20,34228.0,6
2021-10-03 18:16:20,34227.0,3
2021-10-03 18:16:21,34227.0,1
2021-10-03 18:16:21,34226.0,2
2021-10-03 18:16:22,34227.0,1
2021-10-03 18:16:24,34226.0,1
2021-10-03 18:16:24,34225.0,2
2021-10-03 18:16:26,34227.0,2
2021-10-03 18:16:28,34227.0,3
2021-10-03 18:16:28,34228.0,2
2021-10-03 18:16:30,34227.0,2
2021-10-03 18:16:31,34228.0,1
2021-10-03 18:16:35,34228.0,3
2021-10-03 18:16:40,34229.0,1
2021-10-03 18:16:41,34229.0,4
2021-10-03 18:16:43,34227.0,3
2021-10-03 18:16:43,34226.0,2
2021-10-03 18:16:45,34223.0,1
2021-10-03 18:16:50,34223.0,1
2021-10-03 18:16:52,34224.0,3
2021-10-03 18:17:06,34222.0,1
2021-10-03 18:17:09,34222.0,1
2021-10-03 18:17:17,34224.0,3
2021-10-03 18:17:17,34225.0,3
2021-10-03 18:17:18,34226.0,1
2021-10-03 18:17:19,34225.0,1
2021-10-03 18:17:19,34224.0,1
2021-10-03 18:17:20,34223.0,2
2021-10-03 18:17:20,34222.0,1
2021-10-03 18:17:44,34220.0,1
2021-10-03 18:17:44,34219.0,1
2021-10-03 18:17:46,34220.0,3
2021-10-03 18:17:50,34220.0,2
2021-10-03 18:17:52,34222.0,2
2021-10-03 18:17:59,34223.0,2
2021-10-03 18:18:01,34223.0,2
2021-10-03 18:18:03,34222.0,3
2021-10-03 18:18:10,34223.0,1
2021-10-03 18:18:12,34222.0,1
2021-10-03 18:18:21,34223.0,2
2021-10-03 18:18:21,34224.0,3
2021-10-03 18:18:21,34225.0,2
2021-10-03 18:18:21,34226.0,2
2021-10-03 18:18:21,34227.0,2
2021-10-03 18:18:29,34228.0,1
2021-10-03 18:18:29,34229.0,7
2021-10-03 18:18:34,34229.0,1
2021-10-03 18:18:34,34230.0,2
2021-10-03 18:18:36,34230.0,1
2021-10-03 18:18:38,34229.0,1
2021-10-03 18:18:42,34229.0,1
2021-10-03 18:18:42,34228.0,2
2021-10-03 18:18:43,34227.0,4
2021-10-03 18:18:43,34226.0,1
2021-10-03 18:18:45,34227.0,2
2021-10-03 18:18:45,34228.0,3
2021-10-03 18:18:49,34229.0,2
2021-10-03 18:18:50,34230.0,6
2021-10-03 18:18:51,34230.0,1
2021-10-03 18:18:52,34230.0,1
2021-10-03 18:18:57,34229.0,3
2021-10-03 18:18:58,34229.0,2
2021-10-03 18:18:58,34230.0,1
2021-10-03 18:18:58,34229.0,2
2021-10-03 18:19:02,34229.0,2
2021-10-03 18:19:03,34228.0,1
2021-10-03 18:19:08,34230.0,2
2021-10-03 18:19:08,34231.0,4
2021-10-03 18:19:08,34232.0,2
2021-10-03 18:19:08,34231.0,2
2021-10-03 18:19:11,34231.0,1
2021-10-03 18:19:11,34232.0,2
2021-10-03 18:19:18,34233.0,4
2021-10-03 18:19:19,34232.0,2
2021-10-03 18:19:19,34230.0,1
2021-10-03 18:19:19,34229.0,4
2021-10-03 18:19:19,34228.0,1
2021-10-03 18:19:19,34227.0,3
2021-10-03 18:19:25,34228.0,1
2021-10-03 18:19:28,34228.0,1
2021-10-03 18:19:35,34229.0,1
2021-10-03 18:19:41,34230.0,1
2021-10-03 18:19:46,34229.0,3
2021-10-03 18:19:48,34230.0,2
2021-10-03 18:19:50,34228.0,2
2021-10-03 18:19:50,34227.0,2
2021-10-03 18:19:50,34228.0,2
2021-10-03 18:19:57,34228.0,2
2021-10-03 18:19:59,34227.0,2
2021-10-03 18:20:00,34226.0,4
2021-10-03 18:20:01,34226.0,2
2021-10-03 18:20:01,34225.0,5
2021-10-03 18:20:01,34224.0,2
2021-10-03 18:20:01,34223.0,2
2021-10-03 18:20:01,34224.0,2
2021-10-03 18:20:01,34226.0,1
2021-10-03 18:20:03,34229.0,1
2021-10-03 18:20:05,34228.0,1
2021-10-03 18:20:05,34229.0,3
2021-10-03 18:20:05,34230.0,1
2021-10-03 18:20:09,34231.0,5
2021-10-03 18:20:10,34231.0,1
2021-10-03 18:20:10,34232.0,2
2021-10-03 18:20:15,34233.0,3
2021-10-03 18:20:15,34234.0,2
2021-10-03 18:20:15,34235.0,2
2021-10-03 18:20:15,34236.0,2
2021-10-03 18:20:15,34237.0,1
2021-10-03 18:20:16,34238.0,1
2021-10-03 18:20:16,34239.0,4
2021-10-03 18:20:16,34240.0,4
2021-10-03 18:20:16,34241.0,6
2021-10-03 18:20:16,34240.0,2
2021-10-03 18:20:17,34240.0,1
2021-10-03 18:20:17,34239.0,2
2021-10-03 18:20:19,34242.0,3
2021-10-03 18:20:19,34243.0,4
2021-10-03 18:20:19,34242.0,1
2021-10-03 18:20:20,34241.0,2
2021-10-03 18:20:21,34241.0,1
2021-10-03 18:20:21,34242.0,3
2021-10-03 18:20:22,34242.0,1
2021-10-03 18:20:23,34243.0,1
2021-10-03 18:20:24,34244.0,3
2021-10-03 18:20:24,34245.0,7
2021-10-03 18:20:25,34244.0,2
2021-10-03 18:20:25,34243.0,5
2021-10-03 18:20:26,34244.0,7
2021-10-03 18:20:27,34244.0,4
2021-10-03 18:20:28,34244.0,3
2021-10-03 18:20:28,34242.0,2
2021-10-03 18:20:29,34241.0,1
2021-10-03 18:20:30,34243.0,3
2021-10-03 18:20:30,34241.0,2
2021-10-03 18:20:31,34241.0,1
2021-10-03 18:20:34,34240.0,1
2021-10-03 18:20:35,34241.0,1
2021-10-03 18:20:36,34243.0,1
2021-10-03 18:20:38,34243.0,2
2021-10-03 18:20:39,34243.0,4
2021-10-03 18:20:40,34243.0,1
2021-10-03 18:20:42,34245.0,1
2021-10-03 18:20:43,34245.0,3
2021-10-03 18:20:45,34246.0,2
2021-10-03 18:20:45,34247.0,2
2021-10-03 18:20:45,34246.0,1
2021-10-03 18:20:45,34245.0,1
2021-10-03 18:20:46,34246.0,2
2021-10-03 18:20:47,34247.0,3
2021-10-03 18:20:47,34248.0,2
2021-10-03 18:20:48,34249.0,3
2021-10-03 18:20:48,34248.0,2
2021-10-03 18:20:49,34248.0,2
2021-10-03 18:20:49,34247.0,4
2021-10-03 18:20:49,34246.0,1
2021-10-03 18:20:49,34245.0,2
2021-10-03 18:20:49,34244.0,1
2021-10-03 18:20:50,34244.0,1
2021-10-03 18:20:50,34243.0,5
2021-10-03 18:20:52,34242.0,3
2021-10-03 18:20:52,34241.0,1
2021-10-03 18:20:52,34240.0,2
2021-10-03 18:20:52,34241.0,2
2021-10-03 18:20:54,34241.0,1
2021-10-03 18:20:54,34242.0,1
2021-10-03 18:20:54,34243.0,1
2021-10-03 18:20:57,34241.0,1
2021-10-03 18:20:57,34240.0,2
2021-10-03 18:20:58,34242.0,1
2021-10-03 18:20:58,34243.0,1
2021-10-03 18:20:58,34244.0,2
2021-10-03 18:20:59,34246.0,2
2021-10-03 18:20:59,34244.0,1
2021-10-03 18:20:59,34243.0,1
2021-10-03 18:21:01,34242.0,2
2021-10-03 18:21:01,34241.0,1
2021-10-03 18:21:01,34242.0,2
2021-10-03 18:21:01,34243.0,6
2021-10-03 18:21:01,34242.0,1
2021-10-03 18:21:02,34241.0,1
2021-10-03 18:21:04,34240.0,1
2021-10-03 18:21:04,34239.0,2
2021-10-03 18:21:04,34238.0,1
2021-10-03 18:21:04,34240.0,1
2021-10-03 18:21:04,34239.0,2
2021-10-03 18:21:04,34238.0,1
2021-10-03 18:21:05,34237.0,1
2021-10-03 18:21:07,34238.0,2
2021-10-03 18:21:08,34236.0,1
2021-10-03 18:21:08,34237.0,2
2021-10-03 18:21:12,34235.0,1
2021-10-03 18:21:12,34234.0,1
2021-10-03 18:21:13,34233.0,4
2021-10-03 18:21:14,34235.0,1
2021-10-03 18:21:16,34236.0,2
2021-10-03 18:21:18,34237.0,1
2021-10-03 18:21:20,34237.0,2
2021-10-03 18:21:24,34233.0,2
2021-10-03 18:21:27,34233.0,2
2021-10-03 18:21:28,34233.0,2
2021-10-03 18:21:30,34232.0,1
2021-10-03 18:21:31,34232.0,1
2021-10-03 18:21:35,34233.0,1
2021-10-03 18:21:37,34235.0,1
2021-10-03 18:21:42,34236.0,1
2021-10-03 18:21:42,34237.0,5
2021-10-03 18:21:42,34238.0,1
2021-10-03 18:21:44,34239.0,2
2021-10-03 18:21:45,34240.0,3
2021-10-03 18:21:46,34241.0,1
2021-10-03 18:21:48,34241.0,1
2021-10-03 18:21:48,34240.0,3
2021-10-03 18:21:51,34240.0,2
2021-10-03 18:21:51,34238.0,2
2021-10-03 18:21:52,34238.0,1
2021-10-03 18:22:00,34240.0,1
2021-10-03 18:22:02,34238.0,1
2021-10-03 18:22:04,34240.0,2
2021-10-03 18:22:08,34239.0,2
2021-10-03 18:22:08,34238.0,2
2021-10-03 18:22:10,34237.0,3
2021-10-03 18:22:11,34236.0,1
2021-10-03 18:22:13,34237.0,1
2021-10-03 18:22:13,34238.0,2
2021-10-03 18:22:19,34238.0,1
2021-10-03 18:22:21,34238.0,2
2021-10-03 18:22:23,34238.0,1
2021-10-03 18:22:24,34237.0,1
2021-10-03 18:22:25,34238.0,1
2021-10-03 18:22:28,34239.0,2
2021-10-03 18:22:34,34239.0,2
2021-10-03 18:22:35,34240.0,1
2021-10-03 18:22:38,34241.0,2
2021-10-03 18:22:38,34242.0,1
2021-10-03 18:22:43,34243.0,1
2021-10-03 18:22:43,34242.0,3
2021-10-03 18:22:44,34242.0,2
2021-10-03 18:22:46,34240.0,1
2021-10-03 18:22:48,34240.0,2
2021-10-03 18:22:50,34240.0,3
2021-10-03 18:22:51,34242.0,2
2021-10-03 18:22:51,34240.0,1
2021-10-03 18:22:52,34241.0,1
2021-10-03 18:22:57,34242.0,2
2021-10-03 18:22:58,34240.0,2
2021-10-03 18:22:59,34242.0,1
2021-10-03 18:23:00,34242.0,1
2021-10-03 18:23:00,34243.0,1
2021-10-03 18:23:00,34244.0,2
2021-10-03 18:23:01,34244.0,2
2021-10-03 18:23:01,34245.0,3
2021-10-03 18:23:01,34246.0,5
2021-10-03 18:23:01,34247.0,6
2021-10-03 18:23:01,34248.0,6
2021-10-03 18:23:02,34250.0,3
2021-10-03 18:23:03,34251.0,2
2021-10-03 18:23:05,34252.0,4
2021-10-03 18:23:05,34253.0,2
2021-10-03 18:23:06,34254.0,1
2021-10-03 18:23:07,34254.0,1
2021-10-03 18:23:10,34254.0,4
2021-10-03 18:23:11,34254.0,6
2021-10-03 18:23:11,34253.0,1
2021-10-03 18:23:11,34252.0,1
2021-10-03 18:23:12,34252.0,2
2021-10-03 18:23:12,34251.0,1
2021-10-03 18:23:12,34253.0,1
2021-10-03 18:23:13,34253.0,1
2021-10-03 18:23:15,34254.0,2
2021-10-03 18:23:16,34252.0,3
2021-10-03 18:23:17,34252.0,2
2021-10-03 18:23:21,34252.0,1
2021-10-03 18:23:23,34256.0,4
2021-10-03 18:23:25,34257.0,1
2021-10-03 18:23:27,34256.0,4
2021-10-03 18:23:27,34254.0,4
2021-10-03 18:23:29,34253.0,1
2021-10-03 18:23:32,34252.0,1
2021-10-03 18:23:32,34251.0,2
2021-10-03 18:23:34,34251.0,2
2021-10-03 18:23:34,34250.0,2
2021-10-03 18:23:37,34251.0,2
2021-10-03 18:23:40,34253.0,1
2021-10-03 18:23:40,34254.0,2
2021-10-03 18:23:40,34255.0,3
2021-10-03 18:23:42,34256.0,3
2021-10-03 18:23:42,34257.0,3
2021-10-03 18:23:43,34257.0,2
2021-10-03 18:23:45,34255.0,2
2021-10-03 18:23:45,34254.0,1
2021-10-03 18:23:51,34252.0,1
2021-10-03 18:23:51,34251.0,2
2021-10-03 18:24:00,34251.0,1
2021-10-03 18:24:00,34250.0,5
2021-10-03 18:24:02,34249.0,2
2021-10-03 18:24:10,34248.0,3
2021-10-03 18:24:18,34247.0,1
2021-10-03 18:24:19,34248.0,2
2021-10-03 18:24:27,34248.0,1
2021-10-03 18:24:29,34247.0,1
2021-10-03 18:24:29,34248.0,1
2021-10-03 18:24:32,34249.0,3
2021-10-03 18:24:38,34250.0,3
2021-10-03 18:24:41,34250.0,2
2021-10-03 18:24:42,34250.0,1
2021-10-03 18:24:45,34251.0,2
2021-10-03 18:24:45,34252.0,3
2021-10-03 18:24:45,34253.0,1
2021-10-03 18:24:50,34253.0,3
2021-10-03 18:24:54,34253.0,1
2021-10-03 18:24:54,34254.0,2
2021-10-03 18:24:58,34254.0,3
2021-10-03 18:24:58,34253.0,4
2021-10-03 18:25:01,34253.0,1
2021-10-03 18:25:01,34252.0,2
2021-10-03 18:25:02,34252.0,2
2021-10-03 18:25:02,34251.0,2
2021-10-03 18:25:02,34250.0,1
2021-10-03 18:25:02,34249.0,2
2021-10-03 18:25:22,34251.0,1
2021-10-03 18:25:24,34252.0,2
2021-10-03 18:25:25,34251.0,2
2021-10-03 18:25:25,34250.0,3
2021-10-03 18:25:25,34249.0,2
2021-10-03 18:25:29,34251.0,1
2021-10-03 18:25:32,34252.0,3
2021-10-03 18:25:33,34251.0,4
2021-10-03 18:25:36,34250.0,2
2021-10-03 18:25:36,34249.0,1
2021-10-03 18:25:38,34249.0,1
2021-10-03 18:25:59,34247.0,3
2021-10-03 18:26:02,34249.0,2
2021-10-03 18:26:02,34248.0,2
2021-10-03 18:26:02,34247.0,6
2021-10-03 18:26:10,34246.0,2
2021-10-03 18:26:13,34245.0,2
2021-10-03 18:26:13,34244.0,1
2021-10-03 18:26:14,34245.0,2
2021-10-03 18:26:14,34246.0,1
2021-10-03 18:26:14,34247.0,1
2021-10-03 18:26:18,34247.0,6
2021-10-03 18:26:18,34248.0,2
2021-10-03 18:26:19,34249.0,3
2021-10-03 18:26:19,34250.0,5
2021-10-03 18:26:21,34250.0,1
2021-10-03 18:26:21,34251.0,6
2021-10-03 18:26:21,34250.0,3
2021-10-03 18:26:24,34250.0,2
2021-10-03 18:26:28,34250.0,3
2021-10-03 18:26:33,34249.0,3
2021-10-03 18:26:41,34250.0,2
2021-10-03 18:26:44,34249.0,3
2021-10-03 18:26:46,34247.0,2
2021-10-03 18:26:55,34248.0,2
2021-10-03 18:26:59,34249.0,1
2021-10-03 18:27:02,34248.0,1
2021-10-03 18:27:04,34249.0,2
2021-10-03 18:27:04,34250.0,1
2021-10-03 18:27:04,34251.0,7
2021-10-03 18:27:09,34251.0,1
2021-10-03 18:27:09,34252.0,3
2021-10-03 18:27:10,34250.0,3
2021-10-03 18:27:10,34251.0,3
2021-10-03 18:27:10,34253.0,1
2021-10-03 18:27:11,34252.0,1
2021-10-03 18:27:14,34254.0,4
2021-10-03 18:27:15,34254.0,1
2021-10-03 18:27:16,34253.0,2
2021-10-03 18:27:16,34252.0,3
2021-10-03 18:27:32,34253.0,1
2021-10-03 18:27:32,34252.0,3
2021-10-03 18:27:34,34254.0,1
2021-10-03 18:27:35,34255.0,4
2021-10-03 18:27:35,34256.0,2
2021-10-03 18:27:37,34257.0,5
2021-10-03 18:27:37,34258.0,2
2021-10-03 18:27:37,34257.0,2
2021-10-03 18:27:41,34259.0,3
2021-10-03 18:27:41,34260.0,1
2021-10-03 18:27:41,34258.0,2
2021-10-03 18:27:44,34257.0,1
2021-10-03 18:27:46,34258.0,1
2021-10-03 18:27:48,34259.0,4
2021-10-03 18:27:50,34257.0,2
2021-10-03 18:27:57,34259.0,1
2021-10-03 18:27:57,34260.0,2
2021-10-03 18:27:58,34261.0,4
2021-10-03 18:27:58,34260.0,1
2021-10-03 18:28:01,34261.0,1
2021-10-03 18:28:01,34262.0,1
2021-10-03 18:28:04,34261.0,4
2021-10-03 18:28:04,34263.0,3
2021-10-03 18:28:04,34264.0,5
2021-10-03 18:28:06,34261.0,3
2021-10-03 18:28:06,34260.0,2
2021-10-03 18:28:06,34261.0,1
2021-10-03 18:28:10,34263.0,1
2021-10-03 18:28:11,34261.0,1
2021-10-03 18:28:15,34260.0,3
2021-10-03 18:28:16,34259.0,3
2021-10-03 18:28:17,34260.0,3
2021-10-03 18:28:18,34258.0,1
2021-10-03 18:28:18,34257.0,1
2021-10-03 18:28:18,34258.0,1
2021-10-03 18:28:24,34260.0,2
2021-10-03 18:28:28,34258.0,1
2021-10-03 18:28:33,34260.0,1
2021-10-03 18:28:34,34259.0,1
2021-10-03 18:28:37,34259.0,1
2021-10-03 18:28:47,34260.0,1
2021-10-03 18:28:54,34261.0,3
2021-10-03 18:28:59,34261.0,1
2021-10-03 18:29:00,34261.0,3
2021-10-03 18:29:05,34260.0,1
2021-10-03 18:29:12,34259.0,1
2021-10-03 18:29:12,34260.0,2
2021-10-03 18:29:13,34261.0,1
2021-10-03 18:29:13,34262.0,2
2021-10-03 18:29:13,34263.0,3
2021-10-03 18:29:19,34264.0,3
2021-10-03 18:29:19,34265.0,17
2021-10-03 18:29:19,34266.0,3
2021-10-03 18:29:19,34267.0,2
2021-10-03 18:29:19,34266.0,1
2021-10-03 18:29:19,34267.0,1
2021-10-03 18:29:19,34268.0,3
2021-10-03 18:29:19,34267.0,2
2021-10-03 18:29:19,34266.0,2
2021-10-03 18:29:19,34267.0,1
2021-10-03 18:29:19,34269.0,4
2021-10-03 18:29:19,34268.0,3
2021-10-03 18:29:20,34270.0,5
2021-10-03 18:29:20,34271.0,3
2021-10-03 18:29:20,34273.0,2
2021-10-03 18:29:20,34272.0,3
2021-10-03 18:29:20,34273.0,1
2021-10-03 18:29:20,34274.0,5
2021-10-03 18:29:20,34275.0,3
2021-10-03 18:29:21,34274.0,3
2021-10-03 18:29:21,34276.0,1
2021-10-03 18:29:22,34277.0,3
2021-10-03 18:29:22,34278.0,1
2021-10-03 18:29:22,34276.0,1
2021-10-03 18:29:25,34276.0,2
2021-10-03 18:29:25,34275.0,2
2021-10-03 18:29:25,34273.0,3
2021-10-03 18:29:25,34274.0,3
2021-10-03 18:29:26,34275.0,1
2021-10-03 18:29:27,34274.0,21
2021-10-03 18:29:29,34273.0,2
2021-10-03 18:29:31,34272.0,1
2021-10-03 18:29:32,34269.0,2
2021-10-03 18:29:32,34270.0,1
2021-10-03 18:29:33,34271.0,2
2021-10-03 18:29:34,34271.0,1
2021-10-03 18:29:35,34271.0,1
2021-10-03 18:29:35,34270.0,1
2021-10-03 18:29:37,34269.0,5
2021-10-03 18:29:40,34268.0,1
2021-10-03 18:29:41,34270.0,1
2021-10-03 18:29:44,34270.0,1
2021-10-03 18:29:44,34269.0,5
2021-10-03 18:29:45,34269.0,4
2021-10-03 18:29:45,34270.0,1
2021-10-03 18:29:45,34271.0,1
2021-10-03 18:29:45,34272.0,3
2021-10-03 18:29:45,34273.0,4
2021-10-03 18:29:45,34274.0,3
2021-10-03 18:29:45,34275.0,4
2021-10-03 18:29:46,34276.0,4
2021-10-03 18:29:46,34277.0,7
2021-10-03 18:29:46,34276.0,1
2021-10-03 18:29:47,34275.0,1
2021-10-03 18:29:47,34277.0,1
2021-10-03 18:29:47,34276.0,4
2021-10-03 18:29:48,34277.0,2
2021-10-03 18:29:49,34278.0,2
2021-10-03 18:29:49,34277.0,1
2021-10-03 18:29:51,34277.0,1
2021-10-03 18:29:51,34276.0,2
2021-10-03 18:29:54,34275.0,3
2021-10-03 18:29:56,34274.0,3
2021-10-03 18:29:57,34276.0,1
2021-10-03 18:30:00,34275.0,2
2021-10-03 18:30:01,34274.0,1
2021-10-03 18:30:02,34275.0,3
2021-10-03 18:30:03,34277.0,4
2021-10-03 18:30:03,34278.0,1
2021-10-03 18:30:04,34278.0,1
2021-10-03 18:30:04,34276.0,1
2021-10-03 18:30:04,34277.0,1
2021-10-03 18:30:06,34278.0,1
2021-10-03 18:30:06,34277.0,1
2021-10-03 18:30:06,34278.0,1
2021-10-03 18:30:06,34279.0,3
2021-10-03 18:30:07,34279.0,3
2021-10-03 18:30:08,34277.0,2
2021-10-03 18:30:10,34278.0,3
2021-10-03 18:30:13,34278.0,2
2021-10-03 18:30:13,34280.0,5
2021-10-03 18:30:13,34281.0,3
2021-10-03 18:30:13,34280.0,2
2021-10-03 18:30:13,34282.0,3
2021-10-03 18:30:13,34280.0,1
2021-10-03 18:30:14,34282.0,3
2021-10-03 18:30:14,34283.0,2
2021-10-03 18:30:14,34282.0,1
2021-10-03 18:30:14,34281.0,4
2021-10-03 18:30:19,34280.0,1
2021-10-03 18:30:20,34279.0,1
2021-10-03 18:30:20,34278.0,4
2021-10-03 18:30:20,34277.0,4
2021-10-03 18:30:28,34277.0,1
2021-10-03 18:30:34,34276.0,1
2021-10-03 18:30:35,34275.0,3
2021-10-03 18:30:35,34274.0,2
2021-10-03 18:30:36,34273.0,2
2021-10-03 18:30:36,34272.0,1
2021-10-03 18:30:37,34274.0,1
2021-10-03 18:30:38,34272.0,1
2021-10-03 18:30:41,34273.0,2
2021-10-03 18:30:44,34272.0,2
2021-10-03 18:30:45,34272.0,1
2021-10-03 18:30:45,34271.0,1
2021-10-03 18:30:45,34270.0,1
2021-10-03 18:30:48,34273.0,1
2021-10-03 18:30:50,34271.0,2
2021-10-03 18:30:52,34273.0,4
2021-10-03 18:30:53,34272.0,2
2021-10-03 18:30:55,34274.0,2
2021-10-03 18:30:56,34276.0,1
2021-10-03 18:30:56,34277.0,4
2021-10-03 18:30:56,34278.0,3
2021-10-03 18:30:56,34279.0,2
2021-10-03 18:30:56,34280.0,3
2021-10-03 18:30:56,34281.0,7
2021-10-03 18:30:56,34280.0,2
2021-10-03 18:30:57,34281.0,2
2021-10-03 18:30:58,34282.0,2
2021-10-03 18:30:58,34281.0,5
2021-10-03 18:30:59,34281.0,2
2021-10-03 18:30:59,34282.0,1
2021-10-03 18:31:00,34281.0,4
2021-10-03 18:31:00,34280.0,1
2021-10-03 18:31:10,34276.0,2
2021-10-03 18:31:12,34275.0,1
2021-10-03 18:31:28,34275.0,1
2021-10-03 18:31:29,34276.0,1
2021-10-03 18:31:30,34276.0,1
2021-10-03 18:31:31,34276.0,1
2021-10-03 18:31:32,34276.0,1
2021-10-03 18:31:32,34277.0,1
2021-10-03 18:31:37,34276.0,1
2021-10-03 18:31:37,34274.0,1
2021-10-03 18:31:40,34275.0,3
2021-10-03 18:31:40,34274.0,1
2021-10-03 18:31:43,34277.0,1
2021-10-03 18:31:47,34276.0,1
2021-10-03 18:31:48,34274.0,2
2021-10-03 18:31:48,34273.0,1
2021-10-03 18:31:51,34274.0,1
2021-10-03 18:31:52,34275.0,2
2021-10-03 18:31:59,34277.0,1
2021-10-03 18:32:04,34278.0,4
2021-10-03 18:32:06,34276.0,1
2021-10-03 18:32:10,34275.0,3
2021-10-03 18:32:10,34277.0,2
2021-10-03 18:32:11,34282.0,4
2021-10-03 18:32:11,34283.0,3
2021-10-03 18:32:11,34284.0,1
2021-10-03 18:32:11,34285.0,3
2021-10-03 18:32:11,34286.0,4
2021-10-03 18:32:11,34285.0,2
2021-10-03 18:32:11,34286.0,1
2021-10-03 18:32:11,34285.0,20
2021-10-03 18:32:11,34284.0,3
2021-10-03 18:32:11,34283.0,2
2021-10-03 18:32:11,34282.0,1
2021-10-03 18:32:12,34281.0,3
2021-10-03 18:32:12,34280.0,3
2021-10-03 18:32:12,34281.0,3
2021-10-03 18:32:12,34280.0,2
2021-10-03 18:32:13,34280.0,3
2021-10-03 18:32:13,34281.0,2
2021-10-03 18:32:13,34282.0,1
2021-10-03 18:32:15,34283.0,1
2021-10-03 18:32:15,34284.0,1
2021-10-03 18:32:17,34283.0,31
2021-10-03 18:32:17,34284.0,1
2021-10-03 18:32:18,34282.0,2
2021-10-03 18:32:21,34285.0,1
2021-10-03 18:32:23,34285.0,1
2021-10-03 18:32:24,34284.0,5
2021-10-03 18:32:25,34284.0,15
2021-10-03 18:32:26,34284.0,2
2021-10-03 18:32:26,34282.0,5
2021-10-03 18:32:26,34281.0,5
2021-10-03 18:32:29,34282.0,13
2021-10-03 18:32:30,34282.0,1
2021-10-03 18:32:31,34283.0,9
2021-10-03 18:32:31,34282.0,6
2021-10-03 18:32:31,34281.0,1
2021-10-03 18:32:31,34280.0,5
2021-10-03 18:32:32,34278.0,3
2021-10-03 18:32:32,34277.0,14
2021-10-03 18:32:39,34276.0,2
2021-10-03 18:32:46,34271.0,2
2021-10-03 18:32:46,34272.0,3
2021-10-03 18:32:46,34274.0,2
2021-10-03 18:32:47,34274.0,13
2021-10-03 18:32:47,34273.0,2
2021-10-03 18:32:47,34272.0,1
2021-10-03 18:32:47,34273.0,4
2021-10-03 18:32:48,34272.0,4
2021-10-03 18:32:53,34271.0,1
2021-10-03 18:32:55,34271.0,2
2021-10-03 18:32:55,34272.0,1
2021-10-03 18:32:57,34271.0,5
2021-10-03 18:32:57,34272.0,1
2021-10-03 18:32:57,34271.0,4
2021-10-03 18:32:59,34273.0,3
2021-10-03 18:33:00,34272.0,6
2021-10-03 18:33:02,34272.0,3
2021-10-03 18:33:07,34270.0,12
2021-10-03 18:33:08,34270.0,1
2021-10-03 18:33:08,34269.0,3
2021-10-03 18:33:10,34269.0,6
2021-10-03 18:33:11,34270.0,3
2021-10-03 18:33:13,34271.0,1
2021-10-03 18:33:21,34272.0,5
2021-10-03 18:33:23,34274.0,4
2021-10-03 18:33:24,34273.0,3
2021-10-03 18:33:24,34274.0,1
2021-10-03 18:33:24,34275.0,5
2021-10-03 18:33:26,34276.0,1
2021-10-03 18:33:29,34276.0,3
2021-10-03 18:33:29,34275.0,7
2021-10-03 18:33:29,34274.0,5
2021-10-03 18:33:29,34275.0,3
2021-10-03 18:33:31,34275.0,2
2021-10-03 18:33:31,34274.0,2
2021-10-03 18:33:33,34273.0,1
2021-10-03 18:33:44,34274.0,3
2021-10-03 18:33:44,34275.0,1
2021-10-03 18:33:51,34274.0,7
2021-10-03 18:33:51,34275.0,2
2021-10-03 18:33:52,34276.0,1
2021-10-03 18:33:53,34277.0,3
2021-10-03 18:34:00,34273.0,1
2021-10-03 18:34:00,34274.0,1
2021-10-03 18:34:00,34272.0,4
2021-10-03 18:34:04,34273.0,1
2021-10-03 18:34:15,34272.0,2
2021-10-03 18:34:17,34271.0,3
2021-10-03 18:34:20,34271.0,11
2021-10-03 18:34:20,34270.0,3
2021-10-03 18:34:20,34269.0,5
2021-10-03 18:34:25,34271.0,4
2021-10-03 18:34:25,34269.0,4
2021-10-03 18:34:28,34268.0,2
2021-10-03 18:34:30,34268.0,2
2021-10-03 18:34:34,34268.0,1
2021-10-03 18:34:38,34269.0,1
2021-10-03 18:34:41,34271.0,3
2021-10-03 18:34:44,34270.0,5
2021-10-03 18:35:02,34270.0,5
2021-10-03 18:35:02,34268.0,2
2021-10-03 18:35:02,34270.0,2
2021-10-03 18:35:04,34270.0,1
2021-10-03 18:35:04,34271.0,4
2021-10-03 18:35:06,34272.0,5
2021-10-03 18:35:15,34271.0,8
2021-10-03 18:35:18,34271.0,3
2021-10-03 18:35:32,34269.0,1
2021-10-03 18:35:42,34268.0,2
2021-10-03 18:35:43,34269.0,3
2021-10-03 18:35:55,34269.0,2
2021-10-03 18:35:58,34268.0,1
2021-10-03 18:35:58,34269.0,1
2021-10-03 18:36:03,34270.0,1
2021-10-03 18:36:03,34271.0,1
2021-10-03 18:36:04,34271.0,1
2021-10-03 18:36:07,34271.0,1
2021-10-03 18:36:09,34270.0,1
2021-10-03 18:36:19,34271.0,4
2021-10-03 18:36:21,34272.0,3
2021-10-03 18:36:21,34271.0,2
2021-10-03 18:36:21,34270.0,3
2021-10-03 18:36:24,34269.0,2
2021-10-03 18:36:24,34268.0,2
2021-10-03 18:36:32,34269.0,1
2021-10-03 18:36:32,34270.0,1
2021-10-03 18:36:33,34268.0,10
2021-10-03 18:36:50,34268.0,1
2021-10-03 18:36:52,34267.0,2
2021-10-03 18:37:07,34267.0,1
2021-10-03 18:37:09,34267.0,1
2021-10-03 18:37:24,34268.0,1
2021-10-03 18:37:28,34266.0,12
2021-10-03 18:37:28,34267.0,1
2021-10-03 18:37:33,34267.0,1
2021-10-03 18:37:59,34268.0,3
2021-10-03 18:37:59,34269.0,1
2021-10-03 18:38:05,34268.0,2
2021-10-03 18:38:05,34267.0,6
2021-10-03 18:38:05,34266.0,3
2021-10-03 18:38:05,34265.0,1
2021-10-03 18:38:07,34267.0,3
2021-10-03 18:38:08,34268.0,1
2021-10-03 18:38:17,34268.0,1
2021-10-03 18:38:18,34269.0,3
2021-10-03 18:38:27,34269.0,1
2021-10-03 18:38:44,34270.0,1
2021-10-03 18:38:56,34268.0,1
2021-10-03 18:39:09,34268.0,15
2021-10-03 18:39:09,34269.0,1
2021-10-03 18:39:11,34267.0,1
2021-10-03 18:39:19,34267.0,1
2021-10-03 18:39:19,34269.0,1
2021-10-03 18:39:19,34270.0,3
2021-10-03 18:39:19,34271.0,2
2021-10-03 18:39:20,34270.0,1
2021-10-03 18:39:21,34271.0,2
2021-10-03 18:39:21,34270.0,1
2021-10-03 18:39:25,34271.0,2
2021-10-03 18:39:26,34271.0,1
2021-10-03 18:39:31,34270.0,2
2021-10-03 18:39:32,34271.0,1
2021-10-03 18:39:42,34269.0,1
2021-10-03 18:39:46,34269.0,1
2021-10-03 18:39:46,34268.0,4
2021-10-03 18:39:46,34267.0,5
2021-10-03 18:39:46,34266.0,6
2021-10-03 18:39:46,34265.0,2
2021-10-03 18:39:46,34266.0,2
2021-10-03 18:39:46,34267.0,3
2021-10-03 18:39:47,34265.0,1
2021-10-03 18:39:52,34267.0,1
2021-10-03 18:39:58,34266.0,1
2021-10-03 18:40:10,34267.0,3
2021-10-03 18:40:12,34267.0,1
2021-10-03 18:40:12,34266.0,2
2021-10-03 18:40:23,34266.0,1
2021-10-03 18:40:26,34265.0,1
2021-10-03 18:40:26,34266.0,2
2021-10-03 18:40:31,34265.0,3
2021-10-03 18:40:31,34264.0,5
2021-10-03 18:40:31,34263.0,1
2021-10-03 18:40:31,34265.0,1
2021-10-03 18:40:31,34264.0,1
2021-10-03 18:40:31,34265.0,1
2021-10-03 18:40:33,34266.0,1
2021-10-03 18:40:33,34267.0,1
2021-10-03 18:40:34,34269.0,2
2021-10-03 18:40:52,34269.0,1
2021-10-03 18:40:54,34270.0,4
2021-10-03 18:40:54,34269.0,6
2021-10-03 18:40:55,34268.0,2
2021-10-03 18:40:56,34267.0,2
2021-10-03 18:41:00,34266.0,3
2021-10-03 18:41:00,34265.0,2
2021-10-03 18:41:00,34264.0,4
2021-10-03 18:41:00,34265.0,2
2021-10-03 18:41:00,34264.0,1
2021-10-03 18:41:02,34265.0,4
2021-10-03 18:41:08,34263.0,4
2021-10-03 18:41:08,34261.0,3
2021-10-03 18:41:08,34260.0,3
2021-10-03 18:41:08,34261.0,1
2021-10-03 18:41:08,34259.0,7
2021-10-03 18:41:09,34259.0,1
2021-10-03 18:41:09,34258.0,2
2021-10-03 18:41:10,34258.0,3
2021-10-03 18:41:10,34257.0,2
2021-10-03 18:41:10,34256.0,2
2021-10-03 18:41:11,34255.0,3
2021-10-03 18:41:11,34254.0,2
2021-10-03 18:41:11,34253.0,1
2021-10-03 18:41:14,34256.0,2
2021-10-03 18:41:14,34255.0,3
2021-10-03 18:41:14,34256.0,2
2021-10-03 18:41:15,34257.0,3
2021-10-03 18:41:16,34256.0,1
2021-10-03 18:41:16,34257.0,1
2021-10-03 18:41:16,34255.0,1
2021-10-03 18:41:17,34255.0,1
2021-10-03 18:41:18,34256.0,1
2021-10-03 18:41:18,34257.0,4
2021-10-03 18:41:19,34255.0,2
2021-10-03 18:41:21,34256.0,3
2021-10-03 18:41:22,34255.0,1
2021-10-03 18:41:22,34257.0,4
2021-10-03 18:41:24,34258.0,1
2021-10-03 18:41:24,34257.0,1
2021-10-03 18:41:26,34256.0,2
2021-10-03 18:41:26,34255.0,2
2021-10-03 18:41:27,34255.0,2
2021-10-03 18:41:29,34256.0,1
2021-10-03 18:41:29,34255.0,1
2021-10-03 18:41:30,34256.0,1
2021-10-03 18:41:31,34254.0,2
2021-10-03 18:41:32,34254.0,3
2021-10-03 18:41:34,34255.0,2
2021-10-03 18:41:37,34255.0,1
2021-10-03 18:41:37,34256.0,2
2021-10-03 18:41:40,34257.0,4
2021-10-03 18:41:40,34256.0,1
2021-10-03 18:41:40,34257.0,1
2021-10-03 18:41:41,34256.0,1
2021-10-03 18:41:41,34258.0,2
2021-10-03 18:41:44,34258.0,2
2021-10-03 18:41:44,34257.0,1
2021-10-03 18:41:46,34258.0,1
2021-10-03 18:41:54,34258.0,3
2021-10-03 18:41:55,34258.0,2
2021-10-03 18:41:55,34259.0,5
2021-10-03 18:41:55,34260.0,2
2021-10-03 18:41:58,34261.0,3
2021-10-03 18:41:59,34260.0,1
2021-10-03 18:42:00,34260.0,1
2021-10-03 18:42:02,34260.0,1
2021-10-03 18:42:04,34261.0,2
2021-10-03 18:42:04,34262.0,2
2021-10-03 18:42:05,34262.0,2
2021-10-03 18:42:05,34261.0,4
2021-10-03 18:42:05,34260.0,5
2021-10-03 18:42:05,34258.0,4
2021-10-03 18:42:05,34257.0,1
2021-10-03 18:42:10,34257.0,1
2021-10-03 18:42:14,34259.0,3
2021-10-03 18:42:18,34260.0,1
2021-10-03 18:42:24,34259.0,1
2021-10-03 18:42:26,34258.0,1
2021-10-03 18:42:29,34260.0,1
2021-10-03 18:42:31,34259.0,5
2021-10-03 18:42:47,34260.0,2
2021-10-03 18:42:49,34258.0,2
2021-10-03 18:42:51,34260.0,1
2021-10-03 18:42:51,34261.0,4
2021-10-03 18:42:51,34262.0,2
2021-10-03 18:42:57,34260.0,2
2021-10-03 18:42:58,34262.0,1
2021-10-03 18:43:00,34260.0,1
2021-10-03 18:43:01,34258.0,1
2021-10-03 18:43:08,34259.0,2
2021-10-03 18:43:16,34258.0,3
2021-10-03 18:43:16,34257.0,4
2021-10-03 18:43:17,34257.0,1
2021-10-03 18:43:22,34257.0,2
2021-10-03 18:43:22,34258.0,3
2021-10-03 18:43:31,34256.0,2
2021-10-03 18:43:36,34257.0,2
2021-10-03 18:43:39,34257.0,1
2021-10-03 18:43:50,34257.0,1
2021-10-03 18:43:51,34258.0,2
2021-10-03 18:43:54,34260.0,1
2021-10-03 18:43:54,34261.0,1
2021-10-03 18:43:55,34262.0,2
2021-10-03 18:43:58,34263.0,2
2021-10-03 18:43:59,34264.0,1
2021-10-03 18:44:01,34262.0,1
2021-10-03 18:44:10,34262.0,1
2021-10-03 18:44:12,34262.0,1
2021-10-03 18:44:12,34261.0,3
2021-10-03 18:44:12,34260.0,1
2021-10-03 18:44:12,34259.0,1
2021-10-03 18:44:15,34260.0,1
2021-10-03 18:44:17,34259.0,1
2021-10-03 18:44:19,34259.0,1
2021-10-03 18:44:22,34261.0,2
2021-10-03 18:44:22,34262.0,1
2021-10-03 18:44:25,34262.0,3
2021-10-03 18:44:40,34260.0,1
2021-10-03 18:44:48,34264.0,1
2021-10-03 18:44:50,34265.0,1
2021-10-03 18:44:54,34264.0,1
2021-10-03 18:45:03,34269.0,3
2021-10-03 18:45:03,34268.0,2
2021-10-03 18:45:04,34268.0,3
2021-10-03 18:45:08,34265.0,2
2021-10-03 18:45:09,34265.0,1
2021-10-03 18:45:10,34263.0,1
2021-10-03 18:45:14,34262.0,2
2021-10-03 18:45:18,34263.0,1
2021-10-03 18:45:20,34264.0,1
2021-10-03 18:45:22,34264.0,1
2021-10-03 18:45:25,34264.0,8
2021-10-03 18:45:31,34264.0,1
2021-10-03 18:45:35,34262.0,1
2021-10-03 18:45:37,34262.0,1
2021-10-03 18:45:38,34261.0,1
2021-10-03 18:45:48,34263.0,2
2021-10-03 18:45:50,34264.0,4
2021-10-03 18:45:55,34262.0,3
2021-10-03 18:46:01,34264.0,2
2021-10-03 18:46:01,34265.0,2
2021-10-03 18:46:07,34264.0,1
2021-10-03 18:46:33,34262.0,3
2021-10-03 18:46:35,34261.0,1
2021-10-03 18:46:36,34260.0,1
2021-10-03 18:46:38,34259.0,1
2021-10-03 18:46:43,34260.0,2
2021-10-03 18:46:50,34262.0,3
2021-10-03 18:46:50,34263.0,2
2021-10-03 18:46:50,34264.0,1
2021-10-03 18:46:53,34263.0,1
2021-10-03 18:46:56,34264.0,1
2021-10-03 18:47:01,34263.0,2
2021-10-03 18:47:12,34262.0,2
2021-10-03 18:47:12,34263.0,2
2021-10-03 18:47:14,34262.0,2
2021-10-03 18:47:15,34260.0,2
2021-10-03 18:47:17,34259.0,1
2021-10-03 18:47:17,34258.0,3
2021-10-03 18:47:17,34257.0,1
2021-10-03 18:47:17,34256.0,2
2021-10-03 18:47:21,34257.0,1
2021-10-03 18:47:26,34258.0,1
2021-10-03 18:47:30,34258.0,2
2021-10-03 18:47:32,34258.0,1
2021-10-03 18:47:32,34257.0,4
2021-10-03 18:47:32,34256.0,1
2021-10-03 18:47:32,34257.0,5
2021-10-03 18:47:32,34256.0,1
2021-10-03 18:47:32,34257.0,3
2021-10-03 18:47:35,34257.0,2
2021-10-03 18:47:35,34258.0,2
2021-10-03 18:47:36,34258.0,2
2021-10-03 18:47:39,34258.0,1
2021-10-03 18:47:41,34259.0,2
2021-10-03 18:47:42,34260.0,3
2021-10-03 18:47:43,34261.0,2
2021-10-03 18:47:43,34262.0,1
2021-10-03 18:47:45,34263.0,1
2021-10-03 18:47:46,34264.0,1
2021-10-03 18:47:53,34265.0,3
2021-10-03 18:47:55,34264.0,1
2021-10-03 18:48:01,34263.0,4
2021-10-03 18:48:05,34262.0,1
2021-10-03 18:48:06,34262.0,2
2021-10-03 18:48:08,34261.0,1
2021-10-03 18:48:08,34260.0,1
2021-10-03 18:48:16,34259.0,2
2021-10-03 18:48:16,34258.0,1
2021-10-03 18:48:23,34257.0,1
2021-10-03 18:48:24,34259.0,3
2021-10-03 18:48:26,34259.0,2
2021-10-03 18:48:27,34259.0,1
2021-10-03 18:48:33,34258.0,3
2021-10-03 18:48:33,34259.0,3
2021-10-03 18:48:34,34259.0,1
2021-10-03 18:48:43,34258.0,1
2021-10-03 18:48:55,34259.0,1
2021-10-03 18:49:03,34260.0,3
2021-10-03 18:49:04,34259.0,1
2021-10-03 18:49:09,34258.0,3
2021-10-03 18:49:15,34260.0,2
2021-10-03 18:49:24,34261.0,8
2021-10-03 18:49:30,34262.0,2
2021-10-03 18:49:32,34264.0,3
2021-10-03 18:49:36,34265.0,2
2021-10-03 18:49:41,34265.0,2
2021-10-03 18:49:42,34264.0,2
2021-10-03 18:49:43,34266.0,1
2021-10-03 18:49:47,34266.0,1
2021-10-03 18:49:53,34264.0,1
2021-10-03 18:49:53,34263.0,2
2021-10-03 18:49:55,34263.0,2
2021-10-03 18:49:57,34263.0,1
2021-10-03 18:49:57,34262.0,1
2021-10-03 18:49:57,34261.0,1
2021-10-03 18:49:58,34260.0,1
2021-10-03 18:50:00,34260.0,2
2021-10-03 18:50:00,34259.0,2
2021-10-03 18:50:00,34258.0,1
2021-10-03 18:50:00,34257.0,1
2021-10-03 18:50:01,34257.0,1
2021-10-03 18:50:01,34258.0,1
2021-10-03 18:50:02,34257.0,1
2021-10-03 18:50:02,34258.0,1
2021-10-03 18:50:03,34256.0,2
2021-10-03 18:50:05,34256.0,1
2021-10-03 18:50:06,34257.0,1
2021-10-03 18:50:06,34258.0,2
2021-10-03 18:50:07,34258.0,1
2021-10-03 18:50:07,34259.0,1
2021-10-03 18:50:12,34258.0,1
2021-10-03 18:50:12,34260.0,1
2021-10-03 18:50:15,34258.0,2
2021-10-03 18:50:17,34261.0,1
2021-10-03 18:50:18,34263.0,1
2021-10-03 18:50:20,34262.0,1
2021-10-03 18:50:21,34263.0,1
2021-10-03 18:50:23,34263.0,6
2021-10-03 18:50:31,34264.0,3
2021-10-03 18:50:31,34265.0,2
2021-10-03 18:50:31,34267.0,2
2021-10-03 18:50:32,34268.0,1
2021-10-03 18:50:33,34268.0,2
2021-10-03 18:50:35,34267.0,1
2021-10-03 18:50:35,34268.0,1
2021-10-03 18:50:36,34269.0,2
2021-10-03 18:50:39,34270.0,2
2021-10-03 18:50:42,34269.0,2
2021-10-03 18:50:44,34271.0,1
2021-10-03 18:50:44,34272.0,1
2021-10-03 18:50:47,34273.0,1
2021-10-03 18:50:47,34272.0,1
2021-10-03 18:50:48,34272.0,2
2021-10-03 18:50:48,34271.0,1
2021-10-03 18:50:51,34270.0,3
2021-10-03 18:50:51,34269.0,4
2021-10-03 18:50:55,34268.0,2
2021-10-03 18:50:55,34267.0,1
2021-10-03 18:50:57,34266.0,3
2021-10-03 18:50:58,34265.0,4
2021-10-03 18:51:00,34264.0,2
2021-10-03 18:51:00,34265.0,1
2021-10-03 18:51:03,34267.0,1
2021-10-03 18:51:06,34267.0,1
2021-10-03 18:51:06,34266.0,1
2021-10-03 18:51:06,34267.0,1
2021-10-03 18:51:07,34269.0,3
2021-10-03 18:51:08,34268.0,1
2021-10-03 18:51:09,34269.0,3
2021-10-03 18:51:18,34272.0,1
2021-10-03 18:51:19,34272.0,4
2021-10-03 18:51:25,34271.0,2
2021-10-03 18:51:25,34270.0,2
2021-10-03 18:51:25,34269.0,3
2021-10-03 18:51:25,34268.0,1
2021-10-03 18:51:27,34269.0,1
2021-10-03 18:51:30,34268.0,2
2021-10-03 18:51:31,34268.0,1
2021-10-03 18:51:31,34269.0,1
2021-10-03 18:51:31,34270.0,2
2021-10-03 18:51:31,34269.0,4
2021-10-03 18:51:33,34270.0,1
2021-10-03 18:51:33,34271.0,1
2021-10-03 18:51:51,34269.0,2
2021-10-03 18:51:56,34271.0,2
2021-10-03 18:51:56,34273.0,1
2021-10-03 18:51:56,34274.0,1
2021-10-03 18:52:02,34275.0,1
2021-10-03 18:52:04,34275.0,1
2021-10-03 18:52:05,34276.0,1
2021-10-03 18:52:06,34277.0,3
2021-10-03 18:52:07,34278.0,4
2021-10-03 18:52:08,34279.0,1
2021-10-03 18:52:08,34276.0,1
2021-10-03 18:52:12,34276.0,2
2021-10-03 18:52:13,34278.0,2
2021-10-03 18:52:16,34279.0,1
2021-10-03 18:52:16,34280.0,6
2021-10-03 18:52:16,34281.0,2
2021-10-03 18:52:16,34280.0,2
2021-10-03 18:52:18,34279.0,1
2021-10-03 18:52:20,34277.0,1
2021-10-03 18:52:20,34278.0,1
2021-10-03 18:52:22,34276.0,1
2021-10-03 18:52:25,34276.0,1
2021-10-03 18:52:25,34275.0,1
2021-10-03 18:52:25,34277.0,2
2021-10-03 18:52:26,34276.0,3
2021-10-03 18:52:28,34276.0,1
2021-10-03 18:52:42,34275.0,2
2021-10-03 18:52:42,34274.0,2
2021-10-03 18:52:58,34274.0,1
2021-10-03 18:53:00,34276.0,2
2021-10-03 18:53:00,34274.0,1
2021-10-03 18:53:24,34280.0,2
2021-10-03 18:53:26,34281.0,1
2021-10-03 18:53:26,34280.0,2
2021-10-03 18:53:32,34279.0,3
2021-10-03 18:53:32,34278.0,1
2021-10-03 18:53:36,34276.0,1
2021-10-03 18:53:38,34278.0,1
2021-10-03 18:53:40,34278.0,1
2021-10-03 18:53:41,34279.0,2
2021-10-03 18:53:42,34280.0,2
2021-10-03 18:53:42,34281.0,1
2021-10-03 18:53:43,34279.0,1
2021-10-03 18:53:52,34280.0,2
2021-10-03 18:53:54,34282.0,3
2021-10-03 18:53:55,34283.0,2
2021-10-03 18:53:55,34284.0,4
2021-10-03 18:53:56,34282.0,3
2021-10-03 18:53:56,34281.0,4
2021-10-03 18:53:58,34282.0,1
2021-10-03 18:53:58,34283.0,5
2021-10-03 18:53:58,34284.0,3
2021-10-03 18:53:58,34283.0,2
2021-10-03 18:54:00,34282.0,5
2021-10-03 18:54:05,34281.0,12
2021-10-03 18:54:05,34280.0,1
2021-10-03 18:54:06,34279.0,1
2021-10-03 18:54:06,34280.0,3
2021-10-03 18:54:14,34279.0,1
2021-10-03 18:54:14,34278.0,1
2021-10-03 18:54:16,34279.0,1
2021-10-03 18:54:17,34278.0,1
2021-10-03 18:54:19,34280.0,2
2021-10-03 18:54:20,34281.0,1
2021-10-03 18:54:27,34281.0,1
2021-10-03 18:54:33,34279.0,2
2021-10-03 18:54:33,34278.0,3
2021-10-03 18:54:33,34277.0,3
2021-10-03 18:54:37,34277.0,2
2021-10-03 18:54:39,34277.0,1
2021-10-03 18:54:40,34276.0,2
2021-10-03 18:54:41,34279.0,1
2021-10-03 18:54:49,34279.0,1
2021-10-03 18:55:00,34277.0,4
2021-10-03 18:55:04,34277.0,4
2021-10-03 18:55:04,34276.0,2
2021-10-03 18:55:07,34275.0,1
2021-10-03 18:55:08,34276.0,1
2021-10-03 18:55:10,34277.0,1
2021-10-03 18:55:19,34276.0,1
2021-10-03 18:55:25,34277.0,3
2021-10-03 18:55:25,34279.0,3
2021-10-03 18:55:25,34280.0,1
2021-10-03 18:55:27,34279.0,1
2021-10-03 18:55:29,34281.0,3
2021-10-03 18:55:31,34282.0,3
2021-10-03 18:55:31,34283.0,1
2021-10-03 18:55:32,34285.0,3
2021-10-03 18:55:32,34286.0,3
2021-10-03 18:55:32,34288.0,3
2021-10-03 18:55:32,34289.0,2
2021-10-03 18:55:32,34290.0,4
2021-10-03 18:55:32,34291.0,1
2021-10-03 18:55:32,34290.0,2
2021-10-03 18:55:32,34289.0,6
2021-10-03 18:55:32,34288.0,3
2021-10-03 18:55:32,34287.0,4
2021-10-03 18:55:32,34286.0,1
2021-10-03 18:55:32,34285.0,1
2021-10-03 18:55:33,34287.0,1
2021-10-03 18:55:38,34287.0,6
2021-10-03 18:55:38,34288.0,2
2021-10-03 18:55:40,34288.0,2
2021-10-03 18:55:42,34288.0,1
2021-10-03 18:55:46,34288.0,1
2021-10-03 18:55:47,34288.0,1
2021-10-03 18:55:48,34288.0,1
2021-10-03 18:55:49,34288.0,1
2021-10-03 18:55:49,34289.0,3
2021-10-03 18:55:50,34288.0,1
2021-10-03 18:55:52,34289.0,1
2021-10-03 18:55:54,34289.0,1
2021-10-03 18:55:55,34288.0,5
2021-10-03 18:55:58,34286.0,1
2021-10-03 18:55:59,34286.0,1
2021-10-03 18:55:59,34287.0,1
2021-10-03 18:56:01,34287.0,1
2021-10-03 18:56:03,34289.0,5
2021-10-03 18:56:03,34290.0,1
2021-10-03 18:56:04,34288.0,2
2021-10-03 18:56:04,34289.0,1
2021-10-03 18:56:07,34288.0,1
2021-10-03 18:56:07,34289.0,1
2021-10-03 18:56:11,34287.0,1
2021-10-03 18:56:12,34288.0,1
2021-10-03 18:56:12,34287.0,1
2021-10-03 18:56:12,34289.0,4
2021-10-03 18:56:17,34290.0,3
2021-10-03 18:56:19,34290.0,2
2021-10-03 18:56:19,34291.0,4
2021-10-03 18:56:20,34292.0,4
2021-10-03 18:56:20,34291.0,2
2021-10-03 18:56:20,34293.0,3
2021-10-03 18:56:21,34293.0,1
2021-10-03 18:56:22,34292.0,3
2021-10-03 18:56:23,34290.0,2
2021-10-03 18:56:24,34291.0,2
2021-10-03 18:56:26,34289.0,14
2021-10-03 18:56:27,34288.0,3
2021-10-03 18:56:29,34287.0,2
2021-10-03 18:56:30,34285.0,2
2021-10-03 18:56:32,34287.0,2
2021-10-03 18:56:34,34286.0,1
2021-10-03 18:56:36,34287.0,1
2021-10-03 18:56:41,34285.0,2
2021-10-03 18:56:41,34286.0,1
2021-10-03 18:56:43,34288.0,1
2021-10-03 18:56:43,34289.0,1
2021-10-03 18:56:44,34288.0,1
2021-10-03 18:56:58,34290.0,4
2021-10-03 18:56:58,34291.0,2
2021-10-03 18:57:00,34289.0,2
2021-10-03 18:57:05,34287.0,2
2021-10-03 18:57:06,34285.0,2
2021-10-03 18:57:07,34285.0,2
2021-10-03 18:57:08,34285.0,2
2021-10-03 18:57:08,34286.0,2
2021-10-03 18:57:14,34286.0,4
2021-10-03 18:57:19,34285.0,5
2021-10-03 18:57:19,34284.0,1
2021-10-03 18:57:20,34285.0,2
2021-10-03 18:57:21,34286.0,2
2021-10-03 18:57:22,34285.0,3
2021-10-03 18:57:26,34283.0,2
2021-10-03 18:57:32,34285.0,2
2021-10-03 18:57:32,34286.0,2
2021-10-03 18:57:33,34284.0,1
2021-10-03 18:57:34,34284.0,1
2021-10-03 18:57:34,34283.0,6
2021-10-03 18:57:34,34282.0,5
2021-10-03 18:57:34,34281.0,3
2021-10-03 18:57:34,34282.0,3
2021-10-03 18:57:36,34280.0,3
2021-10-03 18:57:36,34279.0,1
2021-10-03 18:57:38,34280.0,1
2021-10-03 18:57:39,34279.0,3
2021-10-03 18:57:41,34277.0,4
2021-10-03 18:57:41,34276.0,5
2021-10-03 18:57:41,34277.0,3
2021-10-03 18:57:49,34279.0,1
2021-10-03 18:57:51,34280.0,3
2021-10-03 18:57:55,34280.0,3
2021-10-03 18:58:01,34279.0,2
2021-10-03 18:58:02,34280.0,2
2021-10-03 18:58:03,34278.0,6
2021-10-03 18:58:13,34279.0,1
2021-10-03 18:58:16,34280.0,1
2021-10-03 18:58:16,34281.0,1
2021-10-03 18:58:19,34280.0,1
2021-10-03 18:58:20,34282.0,2
2021-10-03 18:58:21,34283.0,2
2021-10-03 18:58:22,34282.0,2
2021-10-03 18:58:23,34280.0,1
2021-10-03 18:58:24,34278.0,1
2021-10-03 18:58:26,34277.0,1
2021-10-03 18:58:26,34276.0,3
2021-10-03 18:58:26,34275.0,3
2021-10-03 18:58:26,34276.0,1
2021-10-03 18:58:26,34275.0,1
2021-10-03 18:58:27,34276.0,2
2021-10-03 18:58:29,34276.0,2
2021-10-03 18:58:31,34274.0,1
2021-10-03 18:58:36,34274.0,1
2021-10-03 18:58:37,34275.0,1
2021-10-03 18:58:38,34274.0,1
2021-10-03 18:58:38,34275.0,3
2021-10-03 18:58:41,34273.0,5
2021-10-03 18:58:45,34273.0,2
2021-10-03 18:58:45,34274.0,2
2021-10-03 18:58:45,34273.0,2
2021-10-03 18:58:48,34273.0,1
2021-10-03 18:58:50,34272.0,3
2021-10-03 18:58:50,34271.0,4
2021-10-03 18:58:50,34272.0,2
2021-10-03 18:58:51,34272.0,3
2021-10-03 18:58:51,34273.0,1
2021-10-03 18:58:52,34272.0,2
2021-10-03 18:58:54,34271.0,1
2021-10-03 18:58:55,34270.0,2
2021-10-03 18:58:55,34269.0,2
2021-10-03 18:58:55,34271.0,1
2021-10-03 18:58:57,34270.0,2
2021-10-03 18:58:57,34271.0,3
2021-10-03 18:58:57,34272.0,3
2021-10-03 18:59:01,34272.0,1
2021-10-03 18:59:03,34273.0,4
2021-10-03 18:59:03,34274.0,3
2021-10-03 18:59:03,34275.0,1
2021-10-03 18:59:03,34276.0,1
2021-10-03 18:59:03,34277.0,2
2021-10-03 18:59:03,34278.0,2
2021-10-03 18:59:03,34279.0,1
2021-10-03 18:59:03,34280.0,1
2021-10-03 18:59:05,34279.0,3
2021-10-03 18:59:05,34278.0,1
2021-10-03 18:59:08,34278.0,1
2021-10-03 18:59:12,34280.0,2
2021-10-03 18:59:19,34282.0,2
2021-10-03 18:59:21,34283.0,2
2021-10-03 18:59:22,34284.0,3
2021-10-03 18:59:24,34284.0,1
2021-10-03 18:59:24,34285.0,1
2021-10-03 18:59:26,34285.0,1
2021-10-03 18:59:31,34283.0,1
2021-10-03 18:59:34,34283.0,5
2021-10-03 18:59:36,34283.0,1
2021-10-03 18:59:41,34284.0,1
2021-10-03 18:59:45,34286.0,2
2021-10-03 18:59:45,34287.0,3
2021-10-03 18:59:48,34288.0,1
2021-10-03 18:59:49,34287.0,1
2021-10-03 18:59:53,34286.0,1
2021-10-03 18:59:55,34287.0,1
2021-10-03 18:59:57,34286.0,3
2021-10-03 18:59:57,34287.0,2
2021-10-03 18:59:57,34285.0,1
2021-10-03 18:59:57,34284.0,2
2021-10-03 18:59:57,34283.0,3
2021-10-03 19:00:00,34284.0,1
2021-10-03 19:00:02,34285.0,1
2021-10-03 19:00:02,34287.0,1
2021-10-03 19:00:02,34289.0,5
2021-10-03 19:00:03,34287.0,11
2021-10-03 19:00:05,34285.0,4
2021-10-03 19:00:07,34284.0,1
2021-10-03 19:00:11,34283.0,1
2021-10-03 19:00:11,34284.0,2
2021-10-03 19:00:15,34285.0,1
2021-10-03 19:00:18,34286.0,2
2021-10-03 19:00:18,34287.0,5
2021-10-03 19:00:18,34288.0,2
2021-10-03 19:00:18,34289.0,1
2021-10-03 19:00:18,34288.0,2
2021-10-03 19:00:22,34285.0,1
2021-10-03 19:00:27,34285.0,1
2021-10-03 19:00:35,34282.0,8
2021-10-03 19:00:36,34281.0,1
2021-10-03 19:00:36,34280.0,1
2021-10-03 19:00:37,34280.0,1
2021-10-03 19:00:37,34279.0,1
2021-10-03 19:00:44,34276.0,1
2021-10-03 19:00:44,34275.0,1
2021-10-03 19:00:45,34276.0,1
2021-10-03 19:00:49,34275.0,1
2021-10-03 19:00:51,34276.0,2
2021-10-03 19:00:52,34274.0,3
2021-10-03 19:00:55,34273.0,1
2021-10-03 19:00:58,34273.0,2
2021-10-03 19:00:58,34272.0,3
2021-10-03 19:00:59,34274.0,2
2021-10-03 19:01:02,34275.0,4
2021-10-03 19:01:02,34276.0,3
2021-10-03 19:01:02,34277.0,2
2021-10-03 19:01:02,34278.0,1
2021-10-03 19:01:02,34279.0,2
2021-10-03 19:01:02,34278.0,2
2021-10-03 19:01:03,34277.0,3
2021-10-03 19:01:03,34279.0,1
2021-10-03 19:01:05,34277.0,3
2021-10-03 19:01:12,34279.0,1
2021-10-03 19:01:14,34279.0,1
2021-10-03 19:01:14,34280.0,2
2021-10-03 19:01:16,34279.0,2
2021-10-03 19:01:24,34279.0,1
2021-10-03 19:01:28,34280.0,2
2021-10-03 19:01:29,34279.0,1
2021-10-03 19:01:35,34277.0,2
2021-10-03 19:01:35,34276.0,2
2021-10-03 19:01:37,34274.0,3
2021-10-03 19:01:41,34276.0,3
2021-10-03 19:01:49,34278.0,1
2021-10-03 19:01:58,34275.0,2
2021-10-03 19:02:00,34274.0,1
2021-10-03 19:02:00,34273.0,2
2021-10-03 19:02:02,34274.0,1
2021-10-03 19:02:06,34277.0,3
2021-10-03 19:02:06,34278.0,9
2021-10-03 19:02:09,34277.0,2
2021-10-03 19:02:28,34276.0,1
2021-10-03 19:02:29,34277.0,2
2021-10-03 19:02:35,34275.0,2
2021-10-03 19:02:36,34275.0,1
2021-10-03 19:02:41,34277.0,4
2021-10-03 19:02:51,34277.0,1
2021-10-03 19:03:03,34279.0,6
2021-10-03 19:03:05,34278.0,1
2021-10-03 19:03:19,34274.0,2
2021-10-03 19:03:19,34273.0,3
2021-10-03 19:03:21,34273.0,2
2021-10-03 19:03:23,34272.0,1
2021-10-03 19:03:23,34273.0,2
2021-10-03 19:03:27,34274.0,1
2021-10-03 19:03:33,34273.0,1
2021-10-03 19:03:33,34272.0,7
2021-10-03 19:03:33,34271.0,2
2021-10-03 19:03:33,34270.0,3
2021-10-03 19:03:33,34269.0,2
2021-10-03 19:03:34,34269.0,3
2021-10-03 19:03:35,34270.0,1
2021-10-03 19:03:42,34269.0,1
2021-10-03 19:03:45,34268.0,1
2021-10-03 19:03:46,34268.0,1
2021-10-03 19:03:46,34267.0,3
2021-10-03 19:03:46,34268.0,4
2021-10-03 19:03:47,34270.0,3
2021-10-03 19:03:49,34271.0,1
2021-10-03 19:03:50,34271.0,2
2021-10-03 19:03:55,34271.0,1
2021-10-03 19:03:56,34273.0,2
2021-10-03 19:04:03,34269.0,2
2021-10-03 19:04:06,34268.0,2
2021-10-03 19:04:06,34267.0,1
2021-10-03 19:04:12,34269.0,1
2021-10-03 19:04:12,34268.0,1
2021-10-03 19:04:13,34268.0,1
2021-10-03 19:04:13,34269.0,1
2021-10-03 19:04:14,34267.0,1
2021-10-03 19:04:18,34267.0,1
2021-10-03 19:04:23,34268.0,2
2021-10-03 19:04:41,34268.0,1
2021-10-03 19:04:41,34267.0,2
2021-10-03 19:04:47,34268.0,1
2021-10-03 19:04:47,34269.0,2
2021-10-03 19:04:54,34269.0,1
2021-10-03 19:04:55,34268.0,1
2021-10-03 19:04:57,34270.0,1
2021-10-03 19:04:58,34271.0,2
2021-10-03 19:05:05,34271.0,2
2021-10-03 19:05:09,34269.0,4
2021-10-03 19:05:14,34268.0,3
2021-10-03 19:05:16,34267.0,2
2021-10-03 19:05:16,34266.0,3
2021-10-03 19:05:16,34265.0,3
2021-10-03 19:05:20,34267.0,1
2021-10-03 19:05:21,34267.0,3
2021-10-03 19:05:21,34268.0,2
2021-10-03 19:05:29,34270.0,1
2021-10-03 19:05:29,34272.0,2
2021-10-03 19:05:29,34273.0,6
2021-10-03 19:05:30,34275.0,2
2021-10-03 19:05:31,34274.0,2
2021-10-03 19:05:35,34275.0,1
2021-10-03 19:05:39,34275.0,1
2021-10-03 19:05:41,34276.0,1
2021-10-03 19:05:45,34275.0,3
2021-10-03 19:05:45,34274.0,1
2021-10-03 19:05:45,34273.0,2
2021-10-03 19:05:45,34272.0,1
2021-10-03 19:05:46,34271.0,1
2021-10-03 19:05:46,34270.0,5
2021-10-03 19:05:49,34269.0,3
2021-10-03 19:05:50,34270.0,2
2021-10-03 19:05:54,34270.0,1
2021-10-03 19:05:56,34271.0,1
2021-10-03 19:06:02,34269.0,1
2021-10-03 19:06:07,34271.0,1
2021-10-03 19:06:19,34272.0,1
2021-10-03 19:06:21,34272.0,2
2021-10-03 19:06:21,34271.0,1
2021-10-03 19:06:29,34272.0,2
2021-10-03 19:06:34,34271.0,1
2021-10-03 19:06:35,34272.0,1
2021-10-03 19:06:38,34270.0,3
2021-10-03 19:06:38,34269.0,3
2021-10-03 19:06:40,34268.0,1
2021-10-03 19:06:40,34267.0,2
2021-10-03 19:06:42,34269.0,2
2021-10-03 19:06:42,34271.0,1
2021-10-03 19:06:47,34271.0,1
2021-10-03 19:06:50,34270.0,2
2021-10-03 19:06:56,34270.0,1
2021-10-03 19:06:56,34272.0,1
2021-10-03 19:07:00,34271.0,2
2021-10-03 19:07:02,34272.0,2
2021-10-03 19:07:13,34273.0,2
2021-10-03 19:07:14,34274.0,1
2021-10-03 19:07:26,34276.0,1
2021-10-03 19:07:26,34277.0,1
2021-10-03 19:07:27,34276.0,2
2021-10-03 19:07:28,34274.0,3
2021-10-03 19:07:32,34273.0,1
2021-10-03 19:07:40,34272.0,1
2021-10-03 19:07:41,34271.0,2
2021-10-03 19:07:43,34272.0,5
2021-10-03 19:07:43,34271.0,2
2021-10-03 19:07:46,34273.0,3
2021-10-03 19:07:47,34275.0,1
2021-10-03 19:07:48,34275.0,1
2021-10-03 19:07:48,34274.0,2
2021-10-03 19:07:49,34272.0,2
2021-10-03 19:07:54,34276.0,3
2021-10-03 19:07:54,34275.0,1
2021-10-03 19:08:07,34275.0,1
2021-10-03 19:08:12,34277.0,1
2021-10-03 19:08:13,34277.0,3
2021-10-03 19:08:13,34278.0,1
2021-10-03 19:08:13,34279.0,5
2021-10-03 19:08:13,34278.0,1
2021-10-03 19:08:13,34277.0,2
2021-10-03 19:08:13,34275.0,1
2021-10-03 19:08:14,34276.0,2
2021-10-03 19:08:16,34275.0,3
2021-10-03 19:08:21,34278.0,1
2021-10-03 19:08:32,34280.0,1
2021-10-03 19:08:38,34279.0,5
2021-10-03 19:08:38,34280.0,1
2021-10-03 19:08:38,34278.0,1
2021-10-03 19:08:38,34277.0,4
2021-10-03 19:08:38,34275.0,1
2021-10-03 19:08:38,34274.0,5
2021-10-03 19:08:40,34273.0,2
2021-10-03 19:08:49,34274.0,1
2021-10-03 19:08:55,34275.0,1
2021-10-03 19:08:55,34274.0,3
2021-10-03 19:09:05,34277.0,3
2021-10-03 19:09:06,34279.0,2
2021-10-03 19:09:08,34278.0,1
2021-10-03 19:09:12,34281.0,2
2021-10-03 19:09:15,34281.0,2
2021-10-03 19:09:24,34281.0,1
2021-10-03 19:09:27,34282.0,1
2021-10-03 19:09:27,34283.0,2
2021-10-03 19:09:28,34283.0,1
2021-10-03 19:09:30,34284.0,2
2021-10-03 19:09:31,34285.0,2
2021-10-03 19:09:31,34286.0,3
2021-10-03 19:09:33,34287.0,4
2021-10-03 19:09:33,34286.0,1
2021-10-03 19:09:33,34285.0,1
2021-10-03 19:09:33,34284.0,1
2021-10-03 19:09:35,34284.0,1
2021-10-03 19:09:36,34284.0,1
2021-10-03 19:09:36,34283.0,2
2021-10-03 19:09:39,34284.0,2
2021-10-03 19:09:44,34286.0,2
2021-10-03 19:09:49,34287.0,1
2021-10-03 19:09:50,34288.0,3
2021-10-03 19:09:55,34288.0,1
2021-10-03 19:09:55,34289.0,4
2021-10-03 19:09:56,34288.0,1
2021-10-03 19:09:57,34287.0,2
2021-10-03 19:09:58,34288.0,2
2021-10-03 19:09:59,34289.0,2
2021-10-03 19:10:00,34290.0,3
2021-10-03 19:10:02,34289.0,1
2021-10-03 19:10:02,34290.0,1
2021-10-03 19:10:03,34289.0,1
2021-10-03 19:10:04,34287.0,6
2021-10-03 19:10:04,34286.0,1
2021-10-03 19:10:05,34285.0,1
2021-10-03 19:10:10,34284.0,2
2021-10-03 19:10:12,34285.0,3
2021-10-03 19:10:25,34282.0,1
2021-10-03 19:10:32,34280.0,1
2021-10-03 19:10:45,34281.0,3
2021-10-03 19:10:45,34282.0,1
2021-10-03 19:10:45,34281.0,2
2021-10-03 19:10:51,34279.0,1
2021-10-03 19:10:55,34279.0,1
2021-10-03 19:10:56,34278.0,1
2021-10-03 19:11:00,34275.0,1
2021-10-03 19:11:00,34274.0,2
2021-10-03 19:11:01,34274.0,1
2021-10-03 19:11:04,34277.0,3
2021-10-03 19:11:08,34277.0,2
2021-10-03 19:11:17,34277.0,1
2021-10-03 19:11:27,34276.0,1
2021-10-03 19:11:29,34276.0,1
2021-10-03 19:11:30,34277.0,1
2021-10-03 19:11:39,34279.0,6
2021-10-03 19:11:40,34280.0,2
2021-10-03 19:11:40,34281.0,3
2021-10-03 19:11:40,34282.0,3
2021-10-03 19:11:41,34283.0,1
2021-10-03 19:11:45,34281.0,4
2021-10-03 19:11:49,34281.0,1
2021-10-03 19:11:52,34282.0,2
2021-10-03 19:11:56,34283.0,1
2021-10-03 19:11:57,34282.0,2
2021-10-03 19:12:00,34284.0,3
2021-10-03 19:12:03,34285.0,3
2021-10-03 19:12:04,34286.0,5
2021-10-03 19:12:06,34285.0,1
2021-10-03 19:12:10,34285.0,1
2021-10-03 19:12:12,34287.0,2
2021-10-03 19:12:16,34287.0,1
2021-10-03 19:12:18,34285.0,2
2021-10-03 19:12:19,34285.0,1
2021-10-03 19:12:33,34284.0,6
2021-10-03 19:12:38,34284.0,1
2021-10-03 19:12:49,34284.0,1
2021-10-03 19:12:50,34285.0,1
2021-10-03 19:12:51,34284.0,1
2021-10-03 19:12:52,34284.0,1
2021-10-03 19:12:52,34282.0,1
2021-10-03 19:12:54,34281.0,1
2021-10-03 19:12:58,34279.0,3
2021-10-03 19:12:58,34278.0,3
2021-10-03 19:12:59,34280.0,5
2021-10-03 19:13:08,34280.0,1
2021-10-03 19:13:08,34281.0,2
2021-10-03 19:13:11,34279.0,2
2021-10-03 19:13:14,34281.0,1
2021-10-03 19:13:22,34280.0,1
2021-10-03 19:13:28,34280.0,1
2021-10-03 19:13:38,34278.0,2
2021-10-03 19:13:45,34280.0,2
2021-10-03 19:13:45,34281.0,1
2021-10-03 19:13:45,34282.0,3
2021-10-03 19:13:58,34279.0,1
2021-10-03 19:14:09,34278.0,1
2021-10-03 19:14:11,34278.0,2
2021-10-03 19:14:17,34279.0,1
2021-10-03 19:14:17,34280.0,1
2021-10-03 19:14:18,34280.0,2
2021-10-03 19:14:23,34280.0,1
2021-10-03 19:14:32,34281.0,2
2021-10-03 19:14:32,34282.0,10
2021-10-03 19:14:34,34282.0,1
2021-10-03 19:14:39,34280.0,6
2021-10-03 19:14:40,34281.0,4
2021-10-03 19:14:52,34279.0,1
2021-10-03 19:14:59,34281.0,1
2021-10-03 19:14:59,34282.0,2
2021-10-03 19:15:08,34281.0,1
2021-10-03 19:15:14,34279.0,2
2021-10-03 19:15:15,34278.0,1
2021-10-03 19:15:15,34279.0,2
2021-10-03 19:15:17,34279.0,1
2021-10-03 19:15:20,34282.0,2
2021-10-03 19:15:38,34281.0,2
2021-10-03 19:15:38,34282.0,2
2021-10-03 19:15:38,34283.0,1
2021-10-03 19:15:38,34284.0,1
2021-10-03 19:15:38,34283.0,1
2021-10-03 19:15:39,34282.0,2
2021-10-03 19:15:55,34279.0,1
2021-10-03 19:16:01,34277.0,2
2021-10-03 19:16:04,34277.0,1
2021-10-03 19:16:11,34278.0,3
2021-10-03 19:16:20,34280.0,2
2021-10-03 19:16:22,34281.0,2
2021-10-03 19:16:23,34282.0,2
2021-10-03 19:16:33,34283.0,4
2021-10-03 19:16:37,34282.0,2
2021-10-03 19:16:37,34281.0,5
2021-10-03 19:16:37,34280.0,1
2021-10-03 19:16:39,34279.0,1
2021-10-03 19:16:41,34279.0,1
2021-10-03 19:17:03,34278.0,1
2021-10-03 19:17:12,34277.0,2
2021-10-03 19:17:12,34276.0,1
2021-10-03 19:17:15,34276.0,1
2021-10-03 19:17:17,34276.0,1
2021-10-03 19:17:23,34276.0,2
2021-10-03 19:17:27,34277.0,2
2021-10-03 19:17:33,34278.0,1
2021-10-03 19:17:33,34277.0,1
2021-10-03 19:17:42,34275.0,2
2021-10-03 19:17:43,34275.0,1
2021-10-03 19:17:44,34275.0,1
2021-10-03 19:17:57,34274.0,1
2021-10-03 19:17:58,34274.0,2
2021-10-03 19:17:58,34275.0,1
2021-10-03 19:17:58,34276.0,2
2021-10-03 19:18:00,34277.0,4
2021-10-03 19:18:01,34277.0,2
2021-10-03 19:18:03,34277.0,1
2021-10-03 19:18:08,34277.0,2
2021-10-03 19:18:08,34276.0,1
2021-10-03 19:18:25,34278.0,1
2021-10-03 19:18:52,34278.0,2
2021-10-03 19:19:00,34277.0,1
2021-10-03 19:19:03,34276.0,1
2021-10-03 19:19:05,34275.0,1
2021-10-03 19:19:20,34274.0,1
2021-10-03 19:19:21,34274.0,2
2021-10-03 19:19:24,34273.0,2
2021-10-03 19:19:24,34272.0,1
2021-10-03 19:19:24,34273.0,1
2021-10-03 19:19:34,34272.0,2
2021-10-03 19:19:34,34271.0,3
2021-10-03 19:19:35,34271.0,2
2021-10-03 19:19:36,34271.0,1
2021-10-03 19:19:36,34270.0,4
2021-10-03 19:19:36,34269.0,2
2021-10-03 19:19:40,34269.0,1
2021-10-03 19:19:40,34270.0,2
2021-10-03 19:19:40,34271.0,1
2021-10-03 19:19:41,34270.0,1
2021-10-03 19:19:44,34268.0,1
2021-10-03 19:19:45,34266.0,3
2021-10-03 19:19:47,34267.0,2
2021-10-03 19:19:48,34269.0,3
2021-10-03 19:19:53,34269.0,2
2021-10-03 19:19:53,34270.0,1
2021-10-03 19:19:57,34268.0,3
2021-10-03 19:20:00,34268.0,2
2021-10-03 19:20:02,34269.0,1
2021-10-03 19:20:06,34267.0,1
2021-10-03 19:20:07,34266.0,2
2021-10-03 19:20:10,34267.0,1
2021-10-03 19:20:15,34267.0,2
2021-10-03 19:20:17,34268.0,2
2021-10-03 19:20:24,34268.0,1
2021-10-03 19:20:27,34268.0,2
2021-10-03 19:20:29,34270.0,3
2021-10-03 19:20:29,34271.0,1
2021-10-03 19:20:29,34270.0,1
2021-10-03 19:20:30,34269.0,2
2021-10-03 19:20:41,34269.0,1
2021-10-03 19:20:43,34269.0,1
2021-10-03 19:20:44,34268.0,2
2021-10-03 19:20:46,34270.0,1
2021-10-03 19:20:50,34269.0,1
2021-10-03 19:20:56,34268.0,3
2021-10-03 19:21:01,34267.0,2
2021-10-03 19:21:01,34266.0,1
2021-10-03 19:21:11,34266.0,3
2021-10-03 19:21:12,34267.0,2
2021-10-03 19:21:12,34268.0,2
2021-10-03 19:21:16,34269.0,3
2021-10-03 19:21:36,34265.0,5
2021-10-03 19:21:47,34266.0,1
2021-10-03 19:21:52,34268.0,1
2021-10-03 19:22:06,34270.0,2
2021-10-03 19:22:10,34270.0,1
2021-10-03 19:22:20,34269.0,3
2021-10-03 19:22:28,34268.0,1
2021-10-03 19:22:28,34267.0,2
2021-10-03 19:22:40,34269.0,1
2021-10-03 19:23:00,34272.0,1
2021-10-03 19:23:00,34271.0,1
2021-10-03 19:23:01,34273.0,1
2021-10-03 19:23:04,34273.0,3
2021-10-03 19:23:08,34274.0,2
2021-10-03 19:23:14,34272.0,2
2021-10-03 19:23:14,34271.0,3
2021-10-03 19:23:14,34270.0,1
2021-10-03 19:23:20,34269.0,1
2021-10-03 19:23:45,34270.0,2
2021-10-03 19:23:48,34269.0,1
2021-10-03 19:23:58,34268.0,1
2021-10-03 19:24:03,34266.0,2
2021-10-03 19:24:03,34267.0,2
2021-10-03 19:24:09,34266.0,2
2021-10-03 19:24:09,34267.0,2
2021-10-03 19:24:10,34268.0,1
2021-10-03 19:24:44,34267.0,2
2021-10-03 19:24:48,34269.0,3
2021-10-03 19:24:59,34270.0,2
2021-10-03 19:25:06,34271.0,1
2021-10-03 19:25:07,34272.0,1
2021-10-03 19:25:13,34269.0,3
2021-10-03 19:25:24,34271.0,1
2021-10-03 19:25:42,34270.0,1
2021-10-03 19:25:46,34271.0,2
2021-10-03 19:25:49,34270.0,1
2021-10-03 19:25:53,34271.0,2
2021-10-03 19:25:54,34272.0,2
2021-10-03 19:26:02,34272.0,3
2021-10-03 19:26:05,34271.0,2
2021-10-03 19:26:07,34272.0,1
2021-10-03 19:26:26,34272.0,1
2021-10-03 19:26:27,34271.0,2
2021-10-03 19:26:41,34272.0,1
2021-10-03 19:26:46,34273.0,1
2021-10-03 19:26:51,34272.0,2
2021-10-03 19:26:59,34273.0,1
2021-10-03 19:27:01,34274.0,1
2021-10-03 19:27:06,34273.0,1
2021-10-03 19:27:22,34275.0,1
2021-10-03 19:27:26,34275.0,4
2021-10-03 19:27:26,34276.0,2
2021-10-03 19:27:28,34276.0,1
2021-10-03 19:27:28,34275.0,1
2021-10-03 19:27:28,34274.0,3
2021-10-03 19:27:29,34274.0,1
2021-10-03 19:27:31,34273.0,3
2021-10-03 19:27:36,34272.0,3
2021-10-03 19:27:48,34273.0,4
2021-10-03 19:27:48,34274.0,1
2021-10-03 19:27:50,34273.0,1
2021-10-03 19:27:50,34274.0,2
2021-10-03 19:27:52,34275.0,2
2021-10-03 19:27:53,34274.0,1
2021-10-03 19:28:00,34275.0,1
2021-10-03 19:28:01,34276.0,5
2021-10-03 19:28:02,34276.0,4
2021-10-03 19:28:04,34276.0,1
2021-10-03 19:28:05,34277.0,1
2021-10-03 19:28:05,34276.0,2
2021-10-03 19:28:10,34275.0,2
2021-10-03 19:28:15,34278.0,4
2021-10-03 19:28:15,34277.0,2
2021-10-03 19:28:18,34277.0,2
2021-10-03 19:28:19,34277.0,1
2021-10-03 19:28:20,34276.0,2
2021-10-03 19:28:31,34276.0,2
2021-10-03 19:28:44,34277.0,1
2021-10-03 19:28:46,34276.0,1
2021-10-03 19:28:59,34278.0,2
2021-10-03 19:28:59,34279.0,2
2021-10-03 19:28:59,34280.0,1
2021-10-03 19:29:03,34280.0,1
2021-10-03 19:29:04,34281.0,2
2021-10-03 19:29:04,34282.0,1
2021-10-03 19:29:04,34281.0,1
2021-10-03 19:29:12,34282.0,1
2021-10-03 19:29:14,34280.0,1
2021-10-03 19:29:17,34281.0,1
2021-10-03 19:29:17,34280.0,5
2021-10-03 19:29:17,34279.0,1
2021-10-03 19:29:19,34279.0,2
2021-10-03 19:29:19,34278.0,3
2021-10-03 19:29:20,34277.0,3
2021-10-03 19:29:22,34276.0,3
2021-10-03 19:29:24,34276.0,1
2021-10-03 19:29:25,34275.0,1
2021-10-03 19:29:29,34274.0,3
2021-10-03 19:29:30,34276.0,2
2021-10-03 19:29:32,34275.0,2
2021-10-03 19:29:32,34276.0,1
2021-10-03 19:29:33,34277.0,3
2021-10-03 19:29:33,34278.0,1
2021-10-03 19:29:38,34278.0,1
2021-10-03 19:29:39,34277.0,1
2021-10-03 19:29:49,34276.0,1
2021-10-03 19:29:51,34276.0,2
2021-10-03 19:29:51,34275.0,1
2021-10-03 19:29:55,34274.0,1
2021-10-03 19:29:57,34276.0,2
2021-10-03 19:30:00,34276.0,1
2021-10-03 19:30:00,34277.0,1
2021-10-03 19:30:00,34278.0,1
2021-10-03 19:30:00,34279.0,3
2021-10-03 19:30:06,34280.0,2
2021-10-03 19:30:07,34280.0,1
2021-10-03 19:30:07,34281.0,2
2021-10-03 19:30:07,34282.0,2
2021-10-03 19:30:08,34283.0,1
2021-10-03 19:30:08,34284.0,2
2021-10-03 19:30:08,34285.0,4
2021-10-03 19:30:09,34285.0,1
2021-10-03 19:30:10,34283.0,2
2021-10-03 19:30:14,34284.0,3
2021-10-03 19:30:15,34284.0,2
2021-10-03 19:30:15,34283.0,1
2021-10-03 19:30:18,34285.0,1
2021-10-03 19:30:22,34284.0,1
2021-10-03 19:30:22,34283.0,4
2021-10-03 19:30:23,34282.0,2
2021-10-03 19:30:28,34283.0,2
2021-10-03 19:30:31,34283.0,1
2021-10-03 19:30:36,34283.0,1
2021-10-03 19:30:40,34283.0,1
2021-10-03 19:30:48,34279.0,1
2021-10-03 19:30:53,34281.0,5
2021-10-03 19:31:00,34281.0,1
2021-10-03 19:31:01,34281.0,1
2021-10-03 19:31:03,34281.0,3
2021-10-03 19:31:06,34279.0,1
2021-10-03 19:31:06,34278.0,3
2021-10-03 19:31:10,34279.0,2
2021-10-03 19:31:12,34279.0,3
2021-10-03 19:31:21,34280.0,5
2021-10-03 19:31:23,34280.0,1
2021-10-03 19:31:25,34281.0,2
2021-10-03 19:31:26,34282.0,1
2021-10-03 19:31:31,34284.0,2
2021-10-03 19:31:31,34285.0,1
2021-10-03 19:31:34,34287.0,1
2021-10-03 19:31:35,34288.0,5
2021-10-03 19:31:39,34288.0,1
2021-10-03 19:31:43,34287.0,4
2021-10-03 19:31:43,34286.0,1
2021-10-03 19:31:46,34286.0,3
2021-10-03 19:31:47,34287.0,1
2021-10-03 19:31:50,34286.0,1
2021-10-03 19:31:51,34287.0,3
2021-10-03 19:31:53,34287.0,1
2021-10-03 19:32:00,34288.0,2
2021-10-03 19:32:01,34288.0,2
2021-10-03 19:32:02,34289.0,1
2021-10-03 19:32:12,34289.0,1
2021-10-03 19:32:15,34288.0,1
2021-10-03 19:32:19,34288.0,1
2021-10-03 19:32:19,34287.0,4
2021-10-03 19:32:21,34288.0,1
2021-10-03 19:32:25,34288.0,1
2021-10-03 19:32:30,34287.0,2
2021-10-03 19:32:33,34286.0,3
2021-10-03 19:32:40,34286.0,1
2021-10-03 19:32:42,34287.0,1
2021-10-03 19:32:47,34286.0,2
2021-10-03 19:32:54,34285.0,1
2021-10-03 19:32:55,34285.0,2
2021-10-03 19:32:55,34286.0,2
2021-10-03 19:32:56,34286.0,1
2021-10-03 19:33:05,34280.0,2
2021-10-03 19:33:07,34281.0,1
2021-10-03 19:33:08,34279.0,3
2021-10-03 19:33:10,34276.0,1
2021-10-03 19:33:11,34275.0,3
2021-10-03 19:33:11,34276.0,2
2021-10-03 19:33:11,34277.0,3
2021-10-03 19:33:12,34278.0,4
2021-10-03 19:33:16,34280.0,3
2021-10-03 19:33:17,34280.0,2
2021-10-03 19:33:29,34278.0,1
2021-10-03 19:33:38,34276.0,2
2021-10-03 19:33:38,34275.0,4
2021-10-03 19:33:39,34274.0,2
2021-10-03 19:33:40,34273.0,1
2021-10-03 19:33:41,34272.0,1
2021-10-03 19:33:42,34271.0,2
2021-10-03 19:33:43,34270.0,3
2021-10-03 19:33:44,34270.0,1
2021-10-03 19:33:44,34271.0,1
2021-10-03 19:33:47,34272.0,3
2021-10-03 19:33:50,34272.0,1
2021-10-03 19:33:57,34274.0,1
2021-10-03 19:34:00,34275.0,1
2021-10-03 19:34:01,34276.0,2
2021-10-03 19:34:05,34276.0,2
2021-10-03 19:34:06,34276.0,1
2021-10-03 19:34:19,34275.0,1
2021-10-03 19:34:20,34274.0,3
2021-10-03 19:34:30,34273.0,1
2021-10-03 19:34:30,34272.0,2
2021-10-03 19:34:45,34272.0,1
2021-10-03 19:34:45,34271.0,2
2021-10-03 19:34:45,34272.0,1
2021-10-03 19:34:45,34271.0,2
2021-10-03 19:34:46,34272.0,2
2021-10-03 19:34:55,34271.0,2
2021-10-03 19:35:00,34272.0,1
2021-10-03 19:35:02,34271.0,2
2021-10-03 19:35:02,34273.0,3
2021-10-03 19:35:03,34273.0,1
2021-10-03 19:35:04,34274.0,1
2021-10-03 19:35:04,34275.0,2
2021-10-03 19:35:06,34275.0,1
2021-10-03 19:35:06,34276.0,2
2021-10-03 19:35:06,34275.0,1
2021-10-03 19:35:09,34275.0,1
2021-10-03 19:35:12,34276.0,3
2021-10-03 19:35:12,34277.0,1
2021-10-03 19:35:17,34279.0,1
2021-10-03 19:35:24,34277.0,2
2021-10-03 19:35:34,34279.0,4
2021-10-03 19:35:36,34279.0,2
2021-10-03 19:35:41,34279.0,2
2021-10-03 19:35:47,34282.0,2
2021-10-03 19:35:57,34281.0,2
2021-10-03 19:36:01,34282.0,2
2021-10-03 19:36:11,34281.0,1
2021-10-03 19:36:25,34280.0,1
2021-10-03 19:36:26,34280.0,1
2021-10-03 19:36:26,34279.0,5
2021-10-03 19:36:29,34278.0,5
2021-10-03 19:36:31,34277.0,2
2021-10-03 19:36:36,34276.0,2
2021-10-03 19:36:39,34275.0,2
2021-10-03 19:36:40,34275.0,1
2021-10-03 19:36:41,34276.0,2
2021-10-03 19:36:42,34277.0,1
2021-10-03 19:36:53,34278.0,4
2021-10-03 19:36:55,34279.0,3
2021-10-03 19:36:57,34277.0,1
2021-10-03 19:37:02,34277.0,2
2021-10-03 19:37:14,34278.0,1
2021-10-03 19:38:02,34279.0,3
2021-10-03 19:38:10,34280.0,2
2021-10-03 19:38:17,34282.0,3
2021-10-03 19:38:17,34283.0,1
2021-10-03 19:38:19,34284.0,2
2021-10-03 19:38:20,34284.0,1
2021-10-03 19:38:20,34285.0,7
2021-10-03 19:38:20,34286.0,1
2021-10-03 19:38:20,34285.0,3
2021-10-03 19:38:21,34285.0,1
2021-10-03 19:38:23,34287.0,1
2021-10-03 19:38:25,34286.0,3
2021-10-03 19:38:38,34284.0,5
2021-10-03 19:38:48,34286.0,3
2021-10-03 19:38:57,34286.0,1
2021-10-03 19:39:01,34285.0,5
2021-10-03 19:39:06,34285.0,1
2021-10-03 19:39:14,34285.0,1
2021-10-03 19:39:24,34284.0,1
2021-10-03 19:39:25,34285.0,1
2021-10-03 19:39:29,34283.0,5
2021-10-03 19:39:30,34283.0,1
2021-10-03 19:39:32,34282.0,1
2021-10-03 19:39:40,34283.0,1
2021-10-03 19:39:42,34284.0,4
2021-10-03 19:39:45,34284.0,1
2021-10-03 19:39:47,34284.0,1
2021-10-03 19:39:49,34282.0,2
2021-10-03 19:39:50,34281.0,2
2021-10-03 19:39:59,34282.0,1
2021-10-03 19:40:00,34282.0,1
2021-10-03 19:40:00,34283.0,3
2021-10-03 19:40:00,34284.0,2
2021-10-03 19:40:02,34283.0,1
2021-10-03 19:40:07,34283.0,2
2021-10-03 19:40:08,34285.0,2
2021-10-03 19:40:08,34286.0,1
2021-10-03 19:40:15,34285.0,2
2021-10-03 19:40:29,34285.0,1
2021-10-03 19:41:09,34284.0,2
2021-10-03 19:41:18,34286.0,4
2021-10-03 19:41:21,34285.0,1
2021-10-03 19:41:22,34286.0,1
2021-10-03 19:41:24,34285.0,1
2021-10-03 19:41:30,34286.0,1
2021-10-03 19:41:34,34285.0,1
2021-10-03 19:41:34,34284.0,3
2021-10-03 19:41:35,34286.0,3
2021-10-03 19:41:35,34287.0,2
2021-10-03 19:41:40,34284.0,1
2021-10-03 19:41:49,34283.0,1
2021-10-03 19:41:51,34284.0,1
2021-10-03 19:41:56,34284.0,1
2021-10-03 19:41:59,34282.0,1
2021-10-03 19:41:59,34281.0,1
2021-10-03 19:42:06,34282.0,1
2021-10-03 19:42:09,34282.0,1
2021-10-03 19:42:10,34282.0,1
2021-10-03 19:42:14,34284.0,2
2021-10-03 19:42:36,34281.0,1
2021-10-03 19:42:37,34280.0,1
2021-10-03 19:42:37,34279.0,1
2021-10-03 19:42:50,34284.0,2
2021-10-03 19:42:50,34285.0,2
2021-10-03 19:42:52,34283.0,3
2021-10-03 19:43:02,34282.0,1
2021-10-03 19:43:05,34281.0,1
2021-10-03 19:43:08,34280.0,3
2021-10-03 19:43:08,34279.0,1
2021-10-03 19:43:10,34279.0,3
2021-10-03 19:43:12,34280.0,2
2021-10-03 19:43:21,34281.0,1
2021-10-03 19:43:26,34281.0,2
2021-10-03 19:43:29,34282.0,1
2021-10-03 19:43:30,34282.0,1
2021-10-03 19:43:37,34283.0,3
2021-10-03 19:43:37,34284.0,1
2021-10-03 19:43:57,34281.0,2
2021-10-03 19:43:57,34280.0,3
2021-10-03 19:43:59,34279.0,2
2021-10-03 19:44:00,34278.0,2
2021-10-03 19:44:02,34277.0,2
2021-10-03 19:44:03,34276.0,1
2021-10-03 19:44:05,34277.0,2
2021-10-03 19:44:10,34275.0,5
2021-10-03 19:44:10,34274.0,3
2021-10-03 19:44:16,34273.0,2
2021-10-03 19:44:16,34272.0,10
2021-10-03 19:44:17,34271.0,5
2021-10-03 19:44:20,34271.0,3
2021-10-03 19:44:21,34272.0,4
2021-10-03 19:44:22,34273.0,3
2021-10-03 19:44:23,34273.0,1
2021-10-03 19:44:31,34273.0,3
2021-10-03 19:44:31,34271.0,2
2021-10-03 19:44:36,34271.0,3
2021-10-03 19:44:36,34272.0,5
2021-10-03 19:44:36,34274.0,1
2021-10-03 19:44:42,34274.0,1
2021-10-03 19:44:42,34275.0,2
2021-10-03 19:44:43,34275.0,2
2021-10-03 19:44:48,34274.0,3
2021-10-03 19:44:49,34273.0,4
2021-10-03 19:44:50,34273.0,1
2021-10-03 19:44:56,34271.0,1
2021-10-03 19:45:00,34270.0,5
2021-10-03 19:45:01,34269.0,3
2021-10-03 19:45:01,34266.0,3
2021-10-03 19:45:01,34265.0,2
2021-10-03 19:45:02,34267.0,2
2021-10-03 19:45:02,34266.0,1
2021-10-03 19:45:03,34268.0,2
2021-10-03 19:45:03,34267.0,1
2021-10-03 19:45:04,34269.0,1
2021-10-03 19:45:05,34269.0,3
2021-10-03 19:45:05,34268.0,2
2021-10-03 19:45:06,34267.0,2
2021-10-03 19:45:06,34266.0,1
2021-10-03 19:45:06,34265.0,3
2021-10-03 19:45:08,34263.0,3
2021-10-03 19:45:08,34262.0,3
2021-10-03 19:45:10,34262.0,2
2021-10-03 19:45:10,34261.0,5
2021-10-03 19:45:10,34260.0,2
2021-10-03 19:45:10,34259.0,1
2021-10-03 19:45:10,34261.0,4
2021-10-03 19:45:10,34262.0,1
2021-10-03 19:45:11,34265.0,2
2021-10-03 19:45:12,34263.0,2
2021-10-03 19:45:12,34262.0,4
2021-10-03 19:45:12,34261.0,3
2021-10-03 19:45:12,34260.0,2
2021-10-03 19:45:13,34263.0,2
2021-10-03 19:45:15,34261.0,3
2021-10-03 19:45:16,34261.0,1
2021-10-03 19:45:16,34263.0,1
2021-10-03 19:45:18,34265.0,2
2021-10-03 19:45:20,34267.0,1
2021-10-03 19:45:21,34266.0,2
2021-10-03 19:45:22,34267.0,1
2021-10-03 19:45:24,34265.0,3
2021-10-03 19:45:25,34267.0,3
2021-10-03 19:45:26,34269.0,7
2021-10-03 19:45:28,34268.0,1
2021-10-03 19:45:29,34268.0,10
2021-10-03 19:45:29,34267.0,1
2021-10-03 19:45:33,34266.0,1
2021-10-03 19:45:33,34265.0,3
2021-10-03 19:45:36,34264.0,2
2021-10-03 19:45:37,34265.0,1
2021-10-03 19:45:37,34266.0,1
2021-10-03 19:45:43,34266.0,2
2021-10-03 19:45:43,34269.0,2
2021-10-03 19:45:43,34270.0,1
2021-10-03 19:45:44,34270.0,1
2021-10-03 19:45:44,34269.0,1
2021-10-03 19:45:49,34270.0,1
2021-10-03 19:45:59,34270.0,1
2021-10-03 19:46:04,34269.0,2
2021-10-03 19:46:04,34268.0,1
2021-10-03 19:46:06,34267.0,1
2021-10-03 19:46:06,34266.0,1
2021-10-03 19:46:06,34265.0,3
2021-10-03 19:46:06,34264.0,5
2021-10-03 19:46:06,34263.0,8
2021-10-03 19:46:06,34262.0,4
2021-10-03 19:46:07,34266.0,1
2021-10-03 19:46:07,34267.0,1
2021-10-03 19:46:11,34268.0,1
2021-10-03 19:46:18,34266.0,3
2021-10-03 19:46:21,34267.0,1
2021-10-03 19:46:21,34268.0,2
2021-10-03 19:46:23,34269.0,3
2021-10-03 19:46:33,34268.0,2
2021-10-03 19:46:35,34269.0,1
2021-10-03 19:46:40,34270.0,1
2021-10-03 19:46:41,34271.0,2
2021-10-03 19:46:51,34268.0,2
2021-10-03 19:46:51,34267.0,1
2021-10-03 19:46:51,34268.0,1
2021-10-03 19:46:57,34270.0,1
2021-10-03 19:46:57,34271.0,1
2021-10-03 19:47:02,34271.0,1
2021-10-03 19:47:03,34271.0,1
2021-10-03 19:47:08,34272.0,1
2021-10-03 19:47:20,34273.0,2
2021-10-03 19:47:21,34272.0,4
2021-10-03 19:47:21,34271.0,3
2021-10-03 19:47:21,34273.0,1
2021-10-03 19:47:23,34275.0,1
2021-10-03 19:47:47,34272.0,2
2021-10-03 19:47:51,34272.0,2
2021-10-03 19:47:52,34271.0,2
2021-10-03 19:47:52,34272.0,1
2021-10-03 19:47:56,34271.0,1
2021-10-03 19:47:56,34272.0,2
2021-10-03 19:47:57,34273.0,2
2021-10-03 19:47:57,34274.0,1
2021-10-03 19:48:02,34273.0,2
2021-10-03 19:48:04,34271.0,1
2021-10-03 19:48:06,34272.0,3
2021-10-03 19:48:13,34272.0,1
2021-10-03 19:48:14,34271.0,1
2021-10-03 19:48:23,34269.0,1
2021-10-03 19:48:24,34268.0,1
2021-10-03 19:48:29,34267.0,1
2021-10-03 19:48:37,34265.0,2
2021-10-03 19:48:38,34263.0,2
2021-10-03 19:48:39,34264.0,2
2021-10-03 19:48:40,34265.0,4
2021-10-03 19:48:42,34264.0,2
2021-10-03 19:48:44,34264.0,3
2021-10-03 19:48:47,34265.0,1
2021-10-03 19:48:49,34264.0,1
2021-10-03 19:48:50,34266.0,1
2021-10-03 19:48:50,34265.0,2
2021-10-03 19:48:52,34266.0,4
2021-10-03 19:48:58,34264.0,3
2021-10-03 19:48:58,34263.0,1
2021-10-03 19:49:00,34264.0,1
2021-10-03 19:49:01,34263.0,2
2021-10-03 19:49:01,34262.0,1
2021-10-03 19:49:01,34261.0,2
2021-10-03 19:49:01,34260.0,3
2021-10-03 19:49:01,34259.0,4
2021-10-03 19:49:02,34260.0,1
2021-10-03 19:49:03,34261.0,2
2021-10-03 19:49:04,34261.0,1
2021-10-03 19:49:04,34259.0,1
2021-10-03 19:49:07,34260.0,2
2021-10-03 19:49:07,34259.0,1
2021-10-03 19:49:08,34259.0,2
2021-10-03 19:49:09,34258.0,1
2021-10-03 19:49:09,34257.0,3
2021-10-03 19:49:09,34258.0,1
2021-10-03 19:49:09,34257.0,2
2021-10-03 19:49:10,34258.0,1
2021-10-03 19:49:13,34257.0,1
2021-10-03 19:49:14,34257.0,1
2021-10-03 19:49:18,34256.0,1
2021-10-03 19:49:20,34257.0,3
2021-10-03 19:49:21,34256.0,2
2021-10-03 19:49:24,34255.0,3
2021-10-03 19:49:27,34255.0,2
2021-10-03 19:49:31,34257.0,2
2021-10-03 19:49:35,34258.0,1
2021-10-03 19:49:37,34258.0,2
2021-10-03 19:49:50,34258.0,1
2021-10-03 19:49:53,34259.0,4
2021-10-03 19:49:54,34259.0,1
2021-10-03 19:49:55,34257.0,1
2021-10-03 19:49:58,34257.0,12
2021-10-03 19:50:00,34258.0,2
2021-10-03 19:50:01,34257.0,1
2021-10-03 19:50:01,34256.0,2
2021-10-03 19:50:04,34257.0,1
2021-10-03 19:50:04,34258.0,1
2021-10-03 19:50:11,34258.0,1
2021-10-03 19:50:15,34258.0,1
2021-10-03 19:50:15,34255.0,4
2021-10-03 19:50:16,34256.0,2
2021-10-03 19:50:16,34255.0,1
2021-10-03 19:50:16,34256.0,1
2021-10-03 19:50:17,34258.0,3
2021-10-03 19:50:17,34259.0,1
2021-10-03 19:50:17,34258.0,1
2021-10-03 19:50:18,34259.0,2
2021-10-03 19:50:21,34260.0,2
2021-10-03 19:50:23,34261.0,1
2021-10-03 19:50:23,34262.0,1
2021-10-03 19:50:23,34260.0,1
2021-10-03 19:50:24,34260.0,1
2021-10-03 19:50:26,34261.0,1
2021-10-03 19:50:29,34260.0,1
2021-10-03 19:50:29,34261.0,3
2021-10-03 19:50:29,34262.0,4
2021-10-03 19:50:30,34263.0,1
2021-10-03 19:50:30,34264.0,8
2021-10-03 19:50:32,34262.0,1
2021-10-03 19:50:38,34264.0,1
2021-10-03 19:50:39,34264.0,1
2021-10-03 19:50:39,34263.0,1
2021-10-03 19:50:53,34264.0,1
2021-10-03 19:50:57,34262.0,3
2021-10-03 19:51:03,34264.0,2
2021-10-03 19:51:03,34265.0,2
2021-10-03 19:51:05,34264.0,2
2021-10-03 19:51:05,34263.0,1
2021-10-03 19:51:10,34265.0,4
2021-10-03 19:51:11,34264.0,1
2021-10-03 19:51:13,34264.0,1
2021-10-03 19:51:15,34262.0,3
2021-10-03 19:51:15,34261.0,2
2021-10-03 19:51:15,34262.0,1
2021-10-03 19:51:16,34262.0,1
2021-10-03 19:51:22,34262.0,1
2021-10-03 19:51:23,34260.0,3
2021-10-03 19:51:23,34259.0,2
2021-10-03 19:51:23,34260.0,1
2021-10-03 19:51:25,34259.0,2
2021-10-03 19:51:30,34260.0,1
2021-10-03 19:51:31,34261.0,1
2021-10-03 19:51:33,34261.0,1
2021-10-03 19:51:38,34263.0,1
2021-10-03 19:51:43,34264.0,2
2021-10-03 19:51:55,34263.0,2
2021-10-03 19:51:57,34261.0,1
2021-10-03 19:51:57,34260.0,2
2021-10-03 19:51:57,34259.0,1
2021-10-03 19:51:58,34260.0,3
2021-10-03 19:51:58,34259.0,1
2021-10-03 19:52:04,34259.0,1
2021-10-03 19:52:08,34259.0,2
2021-10-03 19:52:09,34259.0,1
2021-10-03 19:52:13,34258.0,2
2021-10-03 19:52:18,34259.0,6
2021-10-03 19:52:23,34256.0,2
2021-10-03 19:52:23,34257.0,1
2021-10-03 19:52:25,34255.0,3
2021-10-03 19:52:26,34256.0,5
2021-10-03 19:52:30,34257.0,1
2021-10-03 19:52:31,34258.0,3
2021-10-03 19:52:33,34259.0,5
2021-10-03 19:52:34,34262.0,1
2021-10-03 19:52:36,34262.0,2
2021-10-03 19:52:37,34262.0,2
2021-10-03 19:52:38,34261.0,1
2021-10-03 19:52:41,34261.0,1
2021-10-03 19:52:43,34261.0,1
2021-10-03 19:52:51,34263.0,2
2021-10-03 19:52:52,34262.0,2
2021-10-03 19:52:56,34264.0,3
2021-10-03 19:52:57,34262.0,2
2021-10-03 19:53:03,34264.0,3
2021-10-03 19:53:05,34263.0,1
2021-10-03 19:53:08,34266.0,2
2021-10-03 19:53:14,34267.0,1
2021-10-03 19:53:20,34264.0,3
2021-10-03 19:53:23,34264.0,2
2021-10-03 19:53:27,34265.0,1
2021-10-03 19:53:29,34265.0,2
2021-10-03 19:53:35,34265.0,1
2021-10-03 19:53:39,34267.0,4
2021-10-03 19:53:39,34268.0,2
2021-10-03 19:53:40,34268.0,1
2021-10-03 19:53:45,34268.0,1
2021-10-03 19:53:45,34267.0,2
2021-10-03 19:53:45,34266.0,1
2021-10-03 19:53:51,34265.0,2
2021-10-03 19:53:51,34266.0,2
2021-10-03 19:53:51,34267.0,4
2021-10-03 19:53:52,34266.0,2
2021-10-03 19:54:03,34268.0,1
2021-10-03 19:54:16,34268.0,1
2021-10-03 19:54:18,34269.0,1
2021-10-03 19:54:19,34268.0,1
2021-10-03 19:54:22,34269.0,8
2021-10-03 19:54:22,34268.0,2
2021-10-03 19:54:26,34270.0,3
2021-10-03 19:54:33,34269.0,1
2021-10-03 19:54:40,34268.0,1
2021-10-03 19:54:40,34267.0,1
2021-10-03 19:54:41,34267.0,1
2021-10-03 19:54:42,34266.0,1
2021-10-03 19:54:44,34265.0,3
2021-10-03 19:54:53,34264.0,1
2021-10-03 19:55:00,34266.0,1
2021-10-03 19:55:00,34267.0,3
2021-10-03 19:55:02,34265.0,3
2021-10-03 19:55:06,34265.0,2
2021-10-03 19:55:14,34265.0,2
2021-10-03 19:55:16,34266.0,1
2021-10-03 19:55:17,34267.0,1
2021-10-03 19:55:17,34268.0,2
2021-10-03 19:55:19,34268.0,1
2021-10-03 19:55:22,34267.0,1
2021-10-03 19:55:23,34268.0,2
2021-10-03 19:55:32,34268.0,1
2021-10-03 19:55:54,34267.0,3
2021-10-03 19:55:54,34266.0,3
2021-10-03 19:56:02,34265.0,2
2021-10-03 19:56:02,34264.0,5
2021-10-03 19:56:02,34266.0,2
2021-10-03 19:56:04,34265.0,1
2021-10-03 19:56:10,34264.0,1
2021-10-03 19:56:11,34265.0,3
2021-10-03 19:56:11,34266.0,4
2021-10-03 19:56:11,34267.0,3
2021-10-03 19:56:12,34266.0,1
2021-10-03 19:56:12,34265.0,1
2021-10-03 19:56:12,34266.0,1
2021-10-03 19:56:17,34264.0,2
2021-10-03 19:56:17,34265.0,4
2021-10-03 19:56:17,34266.0,4
2021-10-03 19:56:17,34264.0,1
2021-10-03 19:56:17,34265.0,4
2021-10-03 19:56:18,34267.0,3
2021-10-03 19:56:19,34268.0,2
2021-10-03 19:56:22,34268.0,1
2021-10-03 19:56:24,34268.0,2
2021-10-03 19:56:24,34267.0,2
2021-10-03 19:56:24,34266.0,3
2021-10-03 19:56:27,34265.0,1
2021-10-03 19:56:29,34264.0,1
2021-10-03 19:56:29,34263.0,1
2021-10-03 19:56:31,34263.0,1
2021-10-03 19:56:32,34265.0,1
2021-10-03 19:56:47,34265.0,1
2021-10-03 19:56:48,34266.0,1
2021-10-03 19:56:52,34266.0,1
2021-10-03 19:56:54,34267.0,1
2021-10-03 19:57:03,34264.0,2
2021-10-03 19:57:07,34263.0,5
2021-10-03 19:57:07,34262.0,1
2021-10-03 19:57:07,34261.0,1
2021-10-03 19:57:07,34262.0,1
2021-10-03 19:57:07,34260.0,3
2021-10-03 19:57:07,34261.0,1
2021-10-03 19:57:08,34262.0,2
2021-10-03 19:57:10,34262.0,2
2021-10-03 19:57:13,34263.0,1
2021-10-03 19:57:13,34264.0,2
2021-10-03 19:57:16,34263.0,1
2021-10-03 19:57:19,34263.0,1
2021-10-03 19:57:24,34265.0,1
2021-10-03 19:57:26,34267.0,1
2021-10-03 19:57:42,34268.0,1
2021-10-03 19:57:45,34267.0,1
2021-10-03 19:57:48,34269.0,1
2021-10-03 19:58:00,34268.0,1
2021-10-03 19:58:02,34269.0,1
2021-10-03 19:58:03,34267.0,1
2021-10-03 19:58:03,34266.0,3
2021-10-03 19:58:06,34265.0,2
2021-10-03 19:58:06,34264.0,5
2021-10-03 19:58:07,34263.0,2
2021-10-03 19:58:11,34262.0,2
2021-10-03 19:58:26,34264.0,1
2021-10-03 19:58:34,34263.0,1
2021-10-03 19:58:56,34264.0,2
2021-10-03 19:58:56,34263.0,1
2021-10-03 19:58:56,34264.0,1
2021-10-03 19:59:11,34265.0,1
2021-10-03 19:59:15,34267.0,1
2021-10-03 19:59:17,34269.0,1
2021-10-03 19:59:19,34269.0,1
2021-10-03 19:59:27,34266.0,1
2021-10-03 19:59:36,34267.0,3
2021-10-03 19:59:38,34265.0,1
2021-10-03 19:59:42,34264.0,3
2021-10-03 19:59:42,34263.0,1
2021-10-03 19:59:43,34263.0,1
2021-10-03 19:59:46,34264.0,1
2021-10-03 19:59:53,34262.0,3
2021-10-03 19:59:56,34263.0,2
2021-10-03 19:59:58,34262.0,1
2021-10-03 20:00:00,34264.0,1
2021-10-03 20:00:00,34263.0,1
2021-10-03 20:00:00,34262.0,2
2021-10-03 20:00:00,34260.0,2
2021-10-03 20:00:01,34260.0,1
2021-10-03 20:00:01,34261.0,2
2021-10-03 20:00:01,34259.0,1
2021-10-03 20:00:02,34258.0,1
2021-10-03 20:00:02,34257.0,1
2021-10-03 20:00:03,34257.0,2
2021-10-03 20:00:04,34258.0,1
2021-10-03 20:00:05,34258.0,2
2021-10-03 20:00:13,34262.0,2
2021-10-03 20:00:16,34259.0,1
2021-10-03 20:00:18,34255.0,3
2021-10-03 20:00:20,34255.0,1
2021-10-03 20:00:20,34257.0,1
2021-10-03 20:00:21,34258.0,1
2021-10-03 20:00:25,34259.0,4
2021-10-03 20:00:25,34260.0,2
2021-10-03 20:00:27,34260.0,2
2021-10-03 20:00:29,34261.0,1
2021-10-03 20:00:29,34262.0,1
2021-10-03 20:00:30,34260.0,2
2021-10-03 20:00:30,34262.0,2
2021-10-03 20:00:31,34261.0,1
2021-10-03 20:00:32,34263.0,2
2021-10-03 20:00:32,34262.0,1
2021-10-03 20:00:33,34264.0,2
2021-10-03 20:00:38,34269.0,1
2021-10-03 20:00:38,34268.0,2
2021-10-03 20:00:38,34269.0,1
2021-10-03 20:00:42,34269.0,1
2021-10-03 20:00:48,34268.0,3
2021-10-03 20:00:49,34267.0,1
2021-10-03 20:00:50,34264.0,2
2021-10-03 20:00:54,34262.0,1
2021-10-03 20:00:55,34264.0,2
2021-10-03 20:00:56,34264.0,2
2021-10-03 20:00:56,34263.0,1
2021-10-03 20:00:56,34264.0,2
2021-10-03 20:01:02,34261.0,1
2021-10-03 20:01:02,34260.0,2
2021-10-03 20:01:02,34261.0,2
2021-10-03 20:01:02,34260.0,3
2021-10-03 20:01:03,34259.0,1
2021-10-03 20:01:03,34257.0,1
2021-10-03 20:01:04,34257.0,2
2021-10-03 20:01:04,34258.0,1
2021-10-03 20:01:05,34257.0,1
2021-10-03 20:01:06,34256.0,3
2021-10-03 20:01:06,34255.0,3
2021-10-03 20:01:07,34253.0,2
2021-10-03 20:01:08,34253.0,1
2021-10-03 20:01:09,34254.0,1
2021-10-03 20:01:09,34255.0,1
2021-10-03 20:01:10,34258.0,1
2021-10-03 20:01:10,34259.0,1
2021-10-03 20:01:12,34262.0,2
2021-10-03 20:01:14,34263.0,3
2021-10-03 20:01:14,34262.0,1
2021-10-03 20:01:16,34262.0,1
2021-10-03 20:01:17,34260.0,2
2021-10-03 20:01:19,34258.0,2
2021-10-03 20:01:19,34259.0,4
2021-10-03 20:01:19,34260.0,1
2021-10-03 20:01:19,34261.0,3
2021-10-03 20:01:19,34260.0,1
2021-10-03 20:01:19,34259.0,2
2021-10-03 20:01:20,34260.0,1
2021-10-03 20:01:21,34260.0,1
2021-10-03 20:01:23,34258.0,1
2021-10-03 20:01:23,34259.0,5
2021-10-03 20:01:23,34260.0,3
2021-10-03 20:01:23,34259.0,1
2021-10-03 20:01:23,34260.0,1
2021-10-03 20:01:23,34261.0,4
2021-10-03 20:01:23,34260.0,2
2021-10-03 20:01:23,34259.0,2
2021-10-03 20:01:23,34258.0,2
2021-10-03 20:01:23,34257.0,2
2021-10-03 20:01:23,34256.0,2
2021-10-03 20:01:23,34255.0,2
2021-10-03 20:01:23,34256.0,1
2021-10-03 20:01:24,34255.0,4
2021-10-03 20:01:27,34254.0,1
2021-10-03 20:01:28,34254.0,1
2021-10-03 20:01:29,34256.0,1
2021-10-03 20:01:31,34253.0,2
2021-10-03 20:01:32,34254.0,1
2021-10-03 20:01:33,34252.0,2
2021-10-03 20:01:35,34252.0,3
2021-10-03 20:01:35,34251.0,4
2021-10-03 20:01:35,34250.0,4
2021-10-03 20:01:35,34251.0,2
2021-10-03 20:01:35,34250.0,3
2021-10-03 20:01:36,34251.0,7
2021-10-03 20:01:36,34250.0,1
2021-10-03 20:01:38,34252.0,2
2021-10-03 20:01:38,34253.0,4
2021-10-03 20:01:38,34254.0,4
2021-10-03 20:01:39,34253.0,1
2021-10-03 20:01:39,34251.0,1
2021-10-03 20:01:40,34250.0,1
2021-10-03 20:01:40,34249.0,10
2021-10-03 20:01:40,34248.0,6
2021-10-03 20:01:41,34250.0,3
2021-10-03 20:01:45,34250.0,1
2021-10-03 20:01:46,34249.0,2
2021-10-03 20:01:46,34250.0,1
2021-10-03 20:01:50,34248.0,1
2021-10-03 20:01:53,34250.0,3
2021-10-03 20:01:54,34251.0,3
2021-10-03 20:01:54,34252.0,6
2021-10-03 20:01:55,34253.0,1
2021-10-03 20:01:57,34254.0,2
2021-10-03 20:01:58,34253.0,1
2021-10-03 20:01:59,34252.0,1
2021-10-03 20:02:00,34251.0,1
2021-10-03 20:02:01,34250.0,1
2021-10-03 20:02:02,34250.0,1
2021-10-03 20:02:03,34253.0,1
2021-10-03 20:02:05,34251.0,1
2021-10-03 20:02:05,34250.0,1
2021-10-03 20:02:07,34251.0,3
2021-10-03 20:02:12,34248.0,2
2021-10-03 20:02:15,34247.0,1
2021-10-03 20:02:15,34246.0,3
2021-10-03 20:02:15,34245.0,8
2021-10-03 20:02:15,34246.0,4
2021-10-03 20:02:15,34247.0,1
2021-10-03 20:02:15,34246.0,5
2021-10-03 20:02:15,34247.0,2
2021-10-03 20:02:16,34247.0,1
2021-10-03 20:02:17,34249.0,2
2021-10-03 20:02:17,34252.0,2
2021-10-03 20:02:17,34253.0,1
2021-10-03 20:02:18,34255.0,2
2021-10-03 20:02:18,34256.0,1
2021-10-03 20:02:18,34254.0,1
2021-10-03 20:02:20,34251.0,1
2021-10-03 20:02:22,34252.0,1
2021-10-03 20:02:24,34252.0,2
2021-10-03 20:02:24,34251.0,1
2021-10-03 20:02:26,34252.0,2
2021-10-03 20:02:26,34253.0,1
2021-10-03 20:02:26,34254.0,2
2021-10-03 20:02:29,34256.0,1
2021-10-03 20:02:35,34256.0,2
2021-10-03 20:02:35,34257.0,1
2021-10-03 20:02:36,34258.0,4
2021-10-03 20:02:37,34257.0,1
2021-10-03 20:02:38,34258.0,1
2021-10-03 20:02:40,34259.0,2
2021-10-03 20:02:41,34258.0,2
2021-10-03 20:02:43,34259.0,1
2021-10-03 20:02:45,34258.0,2
2021-10-03 20:02:45,34257.0,4
2021-10-03 20:02:46,34256.0,1
2021-10-03 20:02:46,34255.0,5
2021-10-03 20:02:46,34254.0,6
2021-10-03 20:02:46,34253.0,2
2021-10-03 20:02:46,34254.0,5
2021-10-03 20:02:46,34253.0,2
2021-10-03 20:02:46,34252.0,1
2021-10-03 20:02:47,34250.0,3
2021-10-03 20:02:47,34251.0,2
2021-10-03 20:02:48,34252.0,1
2021-10-03 20:02:51,34251.0,1
2021-10-03 20:02:54,34250.0,1
2021-10-03 20:02:58,34251.0,4
2021-10-03 20:02:59,34252.0,1
2021-10-03 20:03:03,34254.0,2
2021-10-03 20:03:03,34253.0,1
2021-10-03 20:03:04,34252.0,1
2021-10-03 20:03:04,34251.0,2
2021-10-03 20:03:06,34248.0,1
2021-10-03 20:03:07,34247.0,2
2021-10-03 20:03:08,34247.0,2
2021-10-03 20:03:10,34245.0,2
2021-10-03 20:03:10,34246.0,4
2021-10-03 20:03:10,34247.0,3
2021-10-03 20:03:10,34245.0,1
2021-10-03 20:03:10,34247.0,5
2021-10-03 20:03:12,34249.0,2
2021-10-03 20:03:13,34250.0,2
2021-10-03 20:03:15,34249.0,1
2021-10-03 20:03:17,34248.0,2
2021-10-03 20:03:18,34247.0,1
2021-10-03 20:03:19,34248.0,1
2021-10-03 20:03:19,34249.0,4
2021-10-03 20:03:20,34246.0,1
2021-10-03 20:03:21,34246.0,3
2021-10-03 20:03:21,34245.0,4
2021-10-03 20:03:21,34244.0,3
2021-10-03 20:03:21,34243.0,2
2021-10-03 20:03:21,34245.0,1
2021-10-03 20:03:23,34245.0,3
2021-10-03 20:03:25,34244.0,3
2021-10-03 20:03:26,34244.0,1
2021-10-03 20:03:27,34243.0,2
2021-10-03 20:03:28,34244.0,4
2021-10-03 20:03:28,34245.0,6
2021-10-03 20:03:30,34244.0,1
2021-10-03 20:03:32,34243.0,2
2021-10-03 20:03:32,34244.0,1
2021-10-03 20:03:32,34245.0,3
2021-10-03 20:03:32,34244.0,1
2021-10-03 20:03:32,34243.0,1
2021-10-03 20:03:32,34242.0,2
2021-10-03 20:03:32,34241.0,5
2021-10-03 20:03:32,34240.0,9
2021-10-03 20:03:32,34239.0,1
2021-10-03 20:03:33,34238.0,1
2021-10-03 20:03:33,34239.0,3
2021-10-03 20:03:33,34237.0,4
2021-10-03 20:03:33,34238.0,1
2021-10-03 20:03:34,34238.0,2
2021-10-03 20:03:34,34236.0,2
2021-10-03 20:03:34,34237.0,2
2021-10-03 20:03:35,34237.0,3
2021-10-03 20:03:35,34236.0,2
2021-10-03 20:03:35,34235.0,3
2021-10-03 20:03:35,34234.0,3
2021-10-03 20:03:35,34236.0,1
2021-10-03 20:03:35,34237.0,4
2021-10-03 20:03:38,34240.0,2
2021-10-03 20:03:40,34241.0,5
2021-10-03 20:03:40,34240.0,1
2021-10-03 20:03:45,34239.0,7
2021-10-03 20:03:45,34237.0,1
2021-10-03 20:03:46,34236.0,2
2021-10-03 20:03:47,34235.0,2
2021-10-03 20:03:47,34236.0,4
2021-10-03 20:03:47,34237.0,8
2021-10-03 20:03:47,34236.0,1
2021-10-03 20:03:48,34237.0,1
2021-10-03 20:03:48,34236.0,1
2021-10-03 20:03:52,34236.0,1
2021-10-03 20:03:52,34235.0,4
2021-10-03 20:03:52,34234.0,3
2021-10-03 20:03:54,34237.0,2
2021-10-03 20:03:56,34237.0,1
2021-10-03 20:03:57,34237.0,1
2021-10-03 20:03:58,34236.0,1
2021-10-03 20:03:59,34237.0,1
2021-10-03 20:03:59,34236.0,2
2021-10-03 20:03:59,34237.0,3
2021-10-03 20:04:02,34237.0,2
2021-10-03 20:04:02,34238.0,4
